@article{Abel2015a,
 author = {Abel, John H and Widmer, Lukas Andreas and {St. John}, Peter C. and Stelling, Jorg and {Doyle~III}, Francis J.},
 journal = {IEEE Life Sci. Lett.},
 month = {},
 number = {1},
 pages = {3--6},
 title = {A Coupled Stochastic Model Explains Differences in Cry Knockout Behavior},
 volume = {1},
 year = {2015},
}

@article{Abel2016,
 author = {Abel, John H and Meeker, Kirsten and Granados-Fuentes, Daniel and {St. John}, Peter C. and Wang, Thomas J and Bales, Benjamin B. and {Doyle~III}, Francis J. and Herzog, Erik D. and Petzold, Linda R.},
 journal = {Proc. Natl. Acad. Sci. U. S. A.},
 month = {},
 number = {16},
 pages = {4512--4517},
 title = {Functional network inference of the suprachiasmatic nucleus},
 volume = {113},
 year = {2016},
}

@article{Abel2016b,
 author = {Abel, John H and {Doyle~III}, Francis J.},
 journal = {Chem. Eng. Res. Des.},
 month = {},
 pages = {48--60},
 publisher = {Elsevier},
 title = {A systems theoretic approach to analysis and control of mammalian circadian dynamics},
 volume = {116},
 year = {2016},
}

@article{Abel2017,
 author = {Abel, John H and Drawert, Brian and Hellander, Andreas and Petzold, Linda R},
 journal = {IEEE Life Sci. Lett.},
 month = {},
 number = {3},
 pages = {35--38},
 title = {GillesPy: A Python Package for Stochastic Model Building and Simulation},
 volume = {2},
 year = {2017},
}

@article{Abel2017a,
 author = {Abel, John H and Chakrabarty, Ankush and {Doyle III}, Francis J.},
 journal = {IFAC-PapersOnLine},
 month = {},
 number = {1},
 pages = {9864--9870},
 title = {Nonlinear Model Predictive Control For Circadian Entrainment Using Small-Molecule Pharmaceuticals},
 volume = {50},
 year = {2017},
}

@article{Albanese2013,
 author = {Albanese, Davide and Filosi, Michele and Visintainer, Roberto and Riccadonna, Samantha and Jurman, Giuseppe and Furlanello, Cesare},
 journal = {Bioinformatics},
 month = {},
 number = {3},
 pages = {407--408},
 title = {Minerva and minepy: a C engine for the MINE suite and its R, Python and MATLAB wrappers},
 volume = {29},
 year = {2013},
}

@article{Albert2002,
 author = {Albert, R{\'{e}}ka and Barab{\'{a}}si, Albert-L{\'{a}}szl{\'{o}}},
 journal = {Rev. Mod. Phys.},
 month = {},
 number = {1},
 pages = {47--97},
 title = {Statistical mechanics of complex networks},
 volume = {74},
 year = {2002},
}

@article{Albus2005,
 author = {Albus, Henk and Vansteensel, Mariska J and Michel, Stephan and Block, Gene D and Meijer, Johanna H},
 journal = {Curr. Biol.},
 number = {10},
 pages = {886--893},
 title = {A GABAergic mechanism is necessary for coupling dissociable ventral and dorsal regional oscillators within the circadian clock},
 volume = {15},
 year = {2005},
}

@article{Alstott2014,
 author = {Alstott, Jeff and Bullmore, Ed and Plenz, Dietmar},
 journal = {PLoS One},
 number = {1},
 pages = {e85777},
 title = {powerlaw: A Python Package for Analysis of Heavy-Tailed Distributions},
 volume = {9},
 year = {2014},
}

@article{Amendola2014,
 author = {Amendola, Sara and Lodato, Rossella and Manzari, Sabina and Occhiuzzi, Cecilia and Marrocco, Gaetano},
 journal = {IEEE Internet Things J.},
 number = {2},
 pages = {144--152},
 title = {RFID technology for IoT-based personal healthcare in smart spaces},
 volume = {1},
 year = {2014},
}

@article{An2011,
 author = {An, Sungwon and Irwin, Robert P and Allen, Charles N and Tsai, Connie and Herzog, Erik D},
 journal = {J. Neurophysiol.},
 month = {},
 number = {5},
 pages = {2289--2296},
 title = {Vasoactive intestinal polypeptide requires parallel changes in adenylate cyclase and phospholipase C to entrain circadian rhythms to a predictable phase},
 volume = {105},
 year = {2011},
}

@article{An2012,
 author = {An, Sungwon and Tsai, Connie and Ronecker, Julie and Bayly, Alison and Herzog, Erik D.},
 journal = {J. Comp. Neurol.},
 month = {},
 number = {12},
 pages = {2730--2741},
 title = {Spatiotemporal distribution of vasoactive intestinal polypeptide receptor 2 in mouse suprachiasmatic nucleus},
 volume = {520},
 year = {2012},
}

@article{An2013,
 author = {An, Sungwon and Harang, Rich and Meeker, Kirsten and Granados-Fuentes, Daniel and Tsai, Connie A and Mazuski, Cristina and Kim, Jihee and {Doyle~III}, Francis J and Petzold, Linda R and Herzog, Erik D},
 journal = {Proc. Natl. Acad. Sci. U. S. A.},
 month = {},
 number = {46},
 pages = {E4355--E4361},
 title = {A neuropeptide speeds circadian entrainment by reducing intercellular synchrony},
 volume = {110},
 year = {2013},
}

@book{Andersson2012,
 author = {Andersson, Joel and Akesson, Johan and Diehl, Moritz},
 booktitle = {Recent Adv. Algorithmic Differ.},
 publisher = {Springer-Verlag},
 title = {Recent Advances in Algorithmic Differentiation},
 volume = {87},
 year = {2012},
}

@article{Ansari2009,
 author = {Ansari, Nariman and Agathagelidis, Manuel and Lee, Choogon and Korf, Horst-Werner and von Gall, Charlotte},
 journal = {Eur. J. Neurosci.},
 month = {},
 number = {3},
 pages = {477--489},
 title = {Differential maturation of circadian rhythms in clock gene proteins in the suprachiasmatic nucleus and the pars tuberalis during mouse ontogeny},
 volume = {29},
 year = {2009},
}

@article{Aton2004,
 author = {Aton, Sara J. and Block, Gene D. and Tei, Hajime and Yamazaki, Shin and Herzog, Erik D.},
 journal = {J. Biol. Rhythms},
 month = {},
 number = {3},
 pages = {198--207},
 title = {Plasticity of Circadian Behavior and the Suprachiasmatic Nucleus Following Exposure to Non-24-Hour Light Cycles},
 volume = {19},
 year = {2004},
}

@article{Aton2005,
 author = {Aton, Sara J and Colwell, Christopher S and Harmar, Anthony J and Waschek, James and Herzog, Erik D},
 journal = {Nat. Neurosci.},
 month = {},
 number = {4},
 pages = {476--483},
 title = {Vasoactive intestinal polypeptide mediates circadian rhythmicity and synchrony in mammalian clock neurons},
 volume = {8},
 year = {2005},
}

@article{Aton2006,
 author = {Aton, Sara J and Huettner, James E and Straume, Martin and Herzog, Erik D},
 journal = {Proc. Natl. Acad. Sci. U. S. A.},
 month = {},
 number = {50},
 pages = {19188--19193},
 title = {GABA and Gi/o differentially control circadian rhythms and synchrony in clock neurons},
 volume = {103},
 year = {2006},
}

@article{Bagheri2007,
 author = {Bagheri, N. and Stelling, J. and {Doyle III}, Francis J.},
 journal = {Int. J. Robust Nonlinear Control},
 month = {},
 pages = {1555--1571},
 title = {Circadian phase entrainment via nonlinear model predictive control},
 volume = {17},
 year = {2007},
}

@article{Bagheri2008,
 author = {Bagheri, Neda and Taylor, Stephanie R and Meeker, Kirsten and Petzold, Linda R and {Doyle~III}, Francis J},
 journal = {J. R. Soc. Interface},
 month = {},
 pages = {S17--S28},
 title = {Synchrony and entrainment properties of robust circadian oscillators},
 volume = {5},
 year = {2008},
}

@article{Bagheri2008a,
 author = {Bagheri, Neda and Stelling, J{\"{o}}rg and {Doyle~III}, Francis J.},
 journal = {PLoS Comput. Biol.},
 month = {},
 number = {7},
 pages = {e1000104},
 title = {Circadian Phase Resetting via Single and Multiple Control Targets},
 volume = {4},
 year = {2008},
}

@article{Bailey2005,
 author = {Bailey, J.M. and Haddad, W.M.},
 journal = {IEEE Control Syst. Mag.},
 month = {},
 number = {2},
 pages = {35--51},
 title = {Drug dosing control in clinical pharmacology},
 volume = {25},
 year = {2005},
}

@article{Bakh2017,
 author = {Bakh, Naveed A. and Cortinas, Abel B. and Weiss, Michael A. and Langer, Robert S. and Anderson, Daniel G. and Gu, Zhen and Dutta, Sanjoy and Strano, Michael S.},
 journal = {Nat. Chem.},
 month = {},
 number = {10},
 pages = {937--943},
 title = {Glucose-responsive insulin by molecular and physical design},
 volume = {9},
 year = {2017},
}

@article{Ban1997,
 author = {Ban, Y and Shigeyoshi, Y and Okamura, H},
 journal = {J. Neurosci.},
 month = {},
 number = {10},
 pages = {3920--3931},
 title = {Development of vasoactive intestinal peptide mRNA rhythm in the rat suprachiasmatic nucleus},
 volume = {17},
 year = {1997},
}

@article{Barkai2000,
 author = {Barkai, N and Leibler, S},
 journal = {Nature},
 month = {},
 number = {6767},
 pages = {267--268},
 title = {Circadian clocks limited by noise},
 volume = {403},
 year = {2000},
}

@article{Bass2010,
 author = {Bass, Joseph and Takahashi, Joseph S},
 journal = {Science},
 month = {},
 number = {6009},
 pages = {1349--1354},
 title = {Circadian integration of metabolism and energetics},
 volume = {330},
 year = {2010},
}

@article{Bedont2014,
 author = {Bedont, Joseph L. and LeGates, Tara A. and Slat, Emily A. and Byerly, Mardi S. and Wang, Hong and Hu, Jianfei and Rupp, Alan C. and Qian, Jiang and Wong, G. William and Herzog, Erik D. and Hattar, Samer and Blackshaw, Seth},
 journal = {Cell Rep.},
 month = {},
 number = {3},
 pages = {609--622},
 publisher = {The Authors},
 title = {Lhx1 Controls Terminal Differentiation and Circadian Function of the Suprachiasmatic Nucleus},
 volume = {7},
 year = {2014},
}

@article{Bedont2015,
 author = {Bedont, Joseph L. and Blackshaw, Seth},
 journal = {Front. Syst. Neurosci.},
 month = {},
 pages = {1--21},
 title = {Constructing the suprachiasmatic nucleus: a watchmaker's perspective on the central clockworks},
 volume = {9},
 year = {2015},
}

@article{Bernard2007,
 author = {Bernard, Samuel and Gonze, Didier and Cajavec, Branka and Herzel, Hanspeter and Kramer, Achim},
 journal = {PLoS Comput. Biol.},
 month = {},
 number = {4},
 pages = {e68},
 title = {Synchronization-induced rhythmicity of circadian oscillators in the suprachiasmatic nucleus},
 volume = {3},
 year = {2007},
}

@article{Bettencourt2007,
 author = {Bettencourt, Lu{\'{i}}s and Stephens, Greg and Ham, Michael and Gross, Guenter},
 journal = {Phys. Rev. E},
 month = {},
 number = {2},
 pages = {021915},
 title = {Functional structure of cortical neuronal networks grown in vitro},
 volume = {75},
 year = {2007},
}

@article{Bieler2014,
 author = {Bieler, Jonathan and Cannavo, Rosamaria and Gustafson, Kyle and Gobet, Cedric and Gatfield, David and Naef, Felix},
 journal = {Mol. Syst. Biol.},
 number = {7},
 pages = {739},
 title = {Robust synchronization of coupled circadian and cell cycle oscillators in single mammalian cells},
 volume = {10},
 year = {2014},
}

@article{Brancaccio2013,
 author = {Brancaccio, Marco and Maywood, Elizabeth S. and Chesham, Johanna E. and Loudon, Andrew S I and Hastings, Michael H.},
 journal = {Neuron},
 number = {4},
 pages = {714--728},
 publisher = {Elsevier Inc.},
 title = {A Gq-Ca2+Axis controls circuit-level encoding of circadian time in the suprachiasmatic nucleus},
 volume = {78},
 year = {2013},
}

@article{Brown2005,
 author = {Brown, T. M.},
 journal = {J. Neurosci.},
 month = {},
 number = {48},
 pages = {11155--11164},
 title = {Gastrin-Releasing Peptide Promotes Suprachiasmatic Nuclei Cellular Rhythmicity in the Absence of Vasoactive Intestinal Polypeptide-VPAC2 Receptor Signaling},
 volume = {25},
 year = {2005},
}

@article{Brown2007,
 author = {Brown, T M and Colwell, C S and Waschek, J A and Piggins, H D},
 journal = {J. Neurophysiol.},
 number = {3},
 pages = {2553--2558},
 title = {Disrupted neuronal activity rhythms in the suprachiasmatic nuclei of vasoactive intestinal polypeptide-deficient mice},
 volume = {97},
 year = {2007},
}

@article{Buhr2010,
 author = {Buhr, E. D. and Yoo, S.-H. and Takahashi, J. S.},
 journal = {Science},
 month = {},
 number = {6002},
 pages = {379--385},
 title = {Temperature as a Universal Resetting Cue for Mammalian Circadian Oscillators},
 volume = {330},
 year = {2010},
}

@article{Buijink2016,
 author = {Buijink, M Renate and Almog, Assaf and Wit, Charlotte B and Roethler, Ori and {Olde Engberink}, Anneke H. O. and Meijer, Johanna H and Garlaschelli, Diego and Rohling, Jos H T and Michel, Stephan},
 journal = {PLoS One},
 month = {},
 number = {12},
 pages = {e0168954},
 title = {Evidence for Weakened Intercellular Coupling in the Mammalian Circadian Clock under Long Photoperiod},
 volume = {11},
 year = {2016},
}

@article{Buijs1995,
 author = {Buijs, Ruud M and Wortel, Joke and Hou, Yang-Xun},
 journal = {J. Comp. Neurol.},
 month = {},
 number = {3},
 pages = {343--352},
 title = {Colocalization of gamma-aminobutyric acid with vasopressin, vasoactive intestinal peptide, and somatostatin in the rat suprachiasmatic nucleus},
 volume = {358},
 year = {1995},
}

@article{Chang2012a,
 author = {Chang, Anne-Marie and Santhi, Nayantara and {St Hilaire}, Melissa and Gronfier, Claude and Bradstreet, Dayna S. and Duffy, Jeanne F. and Lockley, Steven W. and Kronauer, Richard E. and Czeisler, Charles A.},
 journal = {J. Physiol.},
 number = {13},
 pages = {3103--3112},
 title = {Human responses to bright light of different durations},
 volume = {590},
 year = {2012},
}

@article{Chang2013,
 author = {Chang, Hung Chun and Guarente, Leonard},
 journal = {Cell},
 number = {7},
 pages = {1448--1460},
 publisher = {Elsevier Inc.},
 title = {XSIRT1 mediates central circadian control in the SCN by a mechanism that decays with aging},
 volume = {153},
 year = {2013},
}

@article{Chen2013,
 author = {Chen, Susan and Harrigan, Patrick and Heineike, Benjamin and Stewart-Ornstein, Jacob and El-Samad, Hana},
 journal = {Curr. Opin. Biotechnol.},
 month = {},
 number = {4},
 pages = {790--796},
 title = {Building robust functionality in synthetic circuits using engineered feedback regulation},
 volume = {24},
 year = {2013},
}

@article{Chen2013a,
 author = {Chen, Tsai Wen and Wardill, Trevor J. and Sun, Yi and Pulver, Stefan R. and Renninger, Sabine L. and Baohan, Amy and Schreiter, Eric R. and Kerr, Rex A. and Orger, Michael B. and Jayaraman, Vivek and Looger, Loren L. and Svoboda, Karel and Kim, Douglas S.},
 journal = {Nature},
 number = {7458},
 pages = {295--300},
 title = {Ultrasensitive fluorescent proteins for imaging neuronal activity},
 volume = {499},
 year = {2013},
}

@article{Ciarleglio2009,
 author = {Ciarleglio, C. M. and Gamble, K. L. and Axley, J. C. and Strauss, B. R. and Cohen, J. Y. and Colwell, C. S. and McMahon, D. G.},
 journal = {J. Neurosci.},
 month = {},
 number = {6},
 pages = {1670--1676},
 title = {Population Encoding by Circadian Clock Neurons Organizes Circadian Behavior},
 volume = {29},
 year = {2009},
}

@article{Clark2013,
 author = {Clark, Daniel D. and Gorman, Michael R. and Hatori, Megumi and Meadows, Jason D. and Panda, Satchidananda and Mellon, Pamela L.},
 journal = {J. Biol. Rhythms},
 month = {},
 number = {1},
 pages = {15--25},
 title = {Aberrant Development of the Suprachiasmatic Nucleus and Circadian Rhythms in Mice Lacking the Homeodomain Protein Six6},
 volume = {28},
 year = {2013},
}

@article{Clauset2009,
 author = {Clauset, Aaron and Shalizi, Cosma Rohilla and Newman, M. E. J.},
 journal = {SIAM Rev.},
 number = {4},
 pages = {661},
 title = {Power-Law Distributions in Empirical Data},
 volume = {51},
 year = {2009},
}

@article{Colwell2003,
 author = {Colwell, Christopher S and Michel, Stephan and Itri, Jason and Rodriguez, Williams and Tam, J and Lelievre, Vincent and Hu, Zhou and Liu, X and Waschek, James A and Christopher, S},
 journal = {Am. J. Physiol. Regul. Integr. Comp. Physiol.},
 month = {},
 number = {5},
 pages = {R939--R949},
 title = {Disrupted circadian rhythms in VIP- and PHI-deficient mice},
 volume = {285},
 year = {2003},
}

@article{Comas2006,
 author = {Comas, M and Beersma, D G M and Spoelstra, K and Daan, S},
 journal = {J. Biol. Rhythms},
 number = {5},
 pages = {362--372},
 title = {Phase and period responses of the circadian system of mice (Mus musculus) to light stimuli of different duration},
 volume = {21},
 year = {2006},
}

@article{Craven2014,
 author = {Craven, Stephen and Whelan, Jessica and Glennon, Brian},
 journal = {J. Process Control},
 number = {4},
 pages = {344--357},
 publisher = {Elsevier},
 title = {Glucose concentration control of a fed-batch mammalian cell bioprocess using a nonlinear model predictive controller},
 volume = {24},
 year = {2014},
}

@article{Cutler2003,
 author = {Cutler, David J. and Haraura, Mai and Reed, Helen E. and Shen, Sanbing and Sheward, W. John and Morrison, Christine F. and Marston, Hugh M. and Harmar, Anthony J. and Piggins, Hugh D.},
 journal = {Eur. J. Neurosci.},
 number = {2},
 pages = {197--204},
 title = {The mouse VPAC2 receptor confers suprachiasmatic nuclei cellular rhythmicity and responsiveness to vasoactive intestinal polypeptide in vitro},
 volume = {17},
 year = {2003},
}

@article{Czeisler1989,
 author = {Czeisler, C A and Kronauer, R E and Allan, J S and Duffy, J F and Jewett, M E and Brown, E N and Ronda, J M},
 journal = {Science},
 number = {4910},
 pages = {1328--1333},
 title = {Bright Light Induction of Strong (Type-0) Resetting of the Human Circadian Pacemaker},
 volume = {244},
 year = {1989},
}

@article{Czeisler1999,
 author = {Czeisler, Charles A and Duffy, Jeanne F and Shanahan, Theresa L and Brown, Emery N and Jude, F and Rimmer, David W and Ronda, Joseph M and Silva, Edward J and Allan, James S and Jonathan, S and Dijk, Derk-jan J and Kronauer, Richard E},
 journal = {Science},
 number = {5423},
 pages = {2177--2181},
 title = {Stability, precision, and near-24-hour period of the human circadian pacemaker},
 volume = {284},
 year = {1999},
}

@article{Damiola2000,
 author = {Damiola, F.},
 journal = {Genes Dev.},
 month = {},
 number = {23},
 pages = {2950--2961},
 title = {Restricted feeding uncouples circadian oscillators in peripheral tissues from the central pacemaker in the suprachiasmatic nucleus},
 volume = {14},
 year = {2000},
}

@article{Darlington1998,
 author = {Darlington, T.K. and Wager-Smith, K. and Ceriani, M.F. and Staknis, D. and Gekakis, N. and Steeves, T.D. and Weitz, C.J. and Takahashi, J.S. and Kay, S.A.},
 journal = {Science},
 month = {},
 number = {5369},
 pages = {1599--1603},
 title = {Closing the Circadian Loop: CLOCK-Induced Transcription of Its Own Inhibitors per and tim},
 volume = {280},
 year = {1998},
}

@article{DeWoskin2014,
 author = {DeWoskin, Daniel and Geng, Weihua and Stinchcombe, Adam R and Forger, Daniel B},
 journal = {Interface Focus},
 month = {},
 number = {3},
 pages = {20130076},
 title = {It is not the parts, but how they interact that determines the behaviour of circadian rhythms across scales and organisms},
 volume = {4},
 year = {2014},
}

@article{DeWoskin2015,
 author = {DeWoskin, Daniel and Myung, Jihwan and Belle, Mino D. C. and Piggins, Hugh D. and Takumi, Toru and Forger, Daniel B.},
 journal = {Proc. Natl. Acad. Sci. U. S. A.},
 month = {},
 number = {29},
 pages = {E3911--E3919},
 title = {Distinct roles for GABA across multiple timescales in mammalian circadian timekeeping},
 volume = {112},
 year = {2015},
}

@article{DelVecchio2017,
 author = {{Del Vecchio}, Domitilla and Abdallah, Hussein and Qian, Yili and Collins, James J.},
 journal = {Cell Syst.},
 month = {},
 number = {1},
 pages = {109--120},
 publisher = {Elsevier Inc.},
 title = {A Blueprint for a Synthetic Genetic Feedback Controller to Reprogram Cell Fate},
 volume = {4},
 year = {2017},
}

@article{Delaiglesia2000,
 author = {de la Iglesia, H O and Meyer, J and Carpino, A and Schwartz, W J},
 journal = {Science},
 number = {5492},
 pages = {799--801},
 title = {Antiphase oscillation of the left and right suprachiasmatic nuclei},
 volume = {290},
 year = {2000},
}

@article{Ding1997,
 author = {Ding, J M and Faiman, L E and Hurst, W J and Kuriashkina, L R and Gillette, M U},
 journal = {J. Neurosci.},
 month = {},
 number = {2},
 pages = {667--675},
 title = {Resetting the biological clock: mediation of nocturnal CREB phosphorylation via light, glutamate, and nitric oxide},
 volume = {17},
 year = {1997},
}

@article{Doyle2006,
 author = {{Doyle~III}, Francis J. and Gunawan, Rudiyanto and Bagheri, Neda and Mirsky, Henry and To, Tsz Leung},
 journal = {Comput. Chem. Eng.},
 number = {10-12},
 pages = {1700--1711},
 title = {Circadian rhythm: A natural, robust, multi-scale control system},
 volume = {30},
 year = {2006},
}

@article{Dunlap1999,
 author = {Dunlap, Jay C.},
 journal = {Cell},
 month = {},
 number = {2},
 pages = {271--290},
 title = {Molecular Bases for Circadian Clocks},
 volume = {96},
 year = {1999},
}

@book{Dunlap2004,
 author = {Dunlap, J. C. and Loros, J. J. and DeCoursey, P. J.},
 publisher = {Sinauer Associates, Inc.},
 title = {Chronobiology},
 year = {2004},
}

@article{Dunlap2004a,
 author = {Dunlap, J. C.},
 journal = {J. Biol. Rhythms},
 month = {},
 number = {5},
 pages = {414--424},
 title = {The Neurospora Circadian System},
 volume = {19},
 year = {2004},
}

@article{Dunlap2017,
 author = {Dunlap, Jay C. and Loros, Jennifer J.},
 journal = {Mol. Cell},
 month = {},
 number = {2017},
 pages = {1--4},
 publisher = {Elsevier Inc.},
 title = {Just-So Stories and Origin Myths: Phosphorylation and Structural Disorder in Circadian Clock Proteins},
 year = {2017},
}

@article{Eastman1984,
 author = {Eastman, Charmane I. and Mistlberger, Ralph E. and Rechtschaffen, Allan},
 journal = {Physiol. Behav.},
 month = {},
 number = {3},
 pages = {357--368},
 title = {Suprachiasmatic nuclei lesions eliminate circadian temperature and sleep rhythms in the rat},
 volume = {32},
 year = {1984},
}

@article{Ebling1996,
 author = {Ebling, F},
 journal = {Prog. Neurobiol.},
 month = {},
 number = {2-3},
 pages = {109--132},
 title = {The role of glutamate in the photic regulation of the suprachiasmatic nucleus},
 volume = {50},
 year = {1996},
}

@article{Edgar2012,
 author = {Edgar, Rachel S. and Green, Edward W. and Zhao, Yuwei and van Ooijen, Gerben and Olmedo, Maria and Qin, Ximing and Xu, Yao and Pan, Min and Valekunja, Utham K. and Feeney, Kevin A. and Maywood, Elizabeth S. and Hastings, Michael H. and Baliga, Nitin S. and Merrow, Martha and Millar, Andrew J. and Johnson, Carl H. and Kyriacou, Charalambos P. and O'Neill, John S. and Reddy, Akhilesh B.},
 journal = {Nature},
 number = {7417},
 pages = {590--590},
 title = {Peroxiredoxins are conserved markers of circadian rhythms},
 volume = {489},
 year = {2012},
}

@inproceedings{Efimov2009,
 author = {Efimov, Denis and Sacre, Pierre and Sepulchre, Rodolphe},
 booktitle = {IEEE Conf. Decis. Control 2009},
 pages = {7692--7697},
 title = {Controlling the phase of an oscillator: A phase response curve approach},
}

@article{Eguiluz2005,
 author = {Egu{\'{i}}luz, Victor M. and Chialvo, Dante R. and Cecchi, Guillermo a. and Baliki, Marwan and Apkarian, A. Vania},
 journal = {Phys. Rev. Lett.},
 month = {},
 number = {1},
 pages = {018102},
 title = {Scale-Free Brain Functional Networks},
 volume = {94},
 year = {2005},
}

@article{ElSamad2005,
 author = {El-Samad, H. and Kurata, H. and Doyle, J. C. and Gross, C. A. and Khammash, M.},
 journal = {Proc. Natl. Acad. Sci. U. S. A.},
 month = {},
 number = {8},
 pages = {2736--2741},
 title = {Surviving heat shock: Control strategies for robustness and performance},
 volume = {102},
 year = {2005},
}

@article{Elowitz2002,
 author = {Elowitz, Michael B and Levine, Arnold J and Siggia, Eric D and Swain, Peter S},
 journal = {Sci. Signal.},
 number = {5584},
 pages = {1183},
 title = {Stochastic gene expression in a single cell},
 volume = {297},
 year = {2002},
}

@article{Emery2004,
 author = {Emery, Patrick and Reppert, Steven M.},
 journal = {Neuron},
 month = {},
 number = {4},
 pages = {443--446},
 title = {A Rhythmic Ror},
 volume = {43},
 year = {2004},
}

@article{Evans2011,
 author = {Evans, Jennifer A and Elliott, Jeffrey A and Gorman, Michael R},
 journal = {Chronobiol. Int.},
 number = {6},
 pages = {488--496},
 title = {Dim nighttime illumination interacts with parametric effects of bright light to increase the stability of circadian rhythm bifurcation in hamsters},
 volume = {28},
 year = {2011},
}

@article{Evans2011a,
 author = {Evans, Jennifer A. and Leise, Tanya L. and Castanon-Cervantes, Oscar and Davidson, Alec J.},
 journal = {PLoS One},
 month = {},
 number = {1},
 pages = {e15869},
 title = {Intrinsic Regulation of Spatiotemporal Organization within the Suprachiasmatic Nucleus},
 volume = {6},
 year = {2011},
}

@article{Evans2013,
 author = {Evans, Jennifer A. and Leise, Tanya L. and Castanon-Cervantes, Oscar and Davidson, Alec J.},
 journal = {Neuron},
 month = {},
 number = {4},
 pages = {973--983},
 publisher = {Elsevier Inc.},
 title = {Dynamic Interactions Mediated by Nonredundant Signaling Mechanisms Couple Circadian Clock Neurons},
 volume = {80},
 year = {2013},
}

@article{Evans2015,
 author = {Evans, Jennifer A. and Suen, Ting-Chung and Callif, Ben L. and Mitchell, Andrew S. and Castanon-Cervantes, Oscar and Baker, Kimberly M. and Kloehn, Ian and Baba, Kenkichi and Teubner, Brett J.W. and Ehlen, J. Christopher and Paul, Ketema N. and Bartness, Timothy J. and Tosini, Gianluca and Leise, Tanya and Davidson, Alec J.},
 journal = {BMC Biol.},
 number = {1},
 pages = {43},
 publisher = {BMC Biology},
 title = {Shell neurons of the master circadian clock coordinate the phase of tissue clocks throughout the brain and body},
 volume = {13},
 year = {2015},
}

@article{Evans2016,
 author = {Evans, J.A. and Gorman, M.R.},
 journal = {Neuroscience},
 month = {},
 pages = {259--280},
 publisher = {IBRO},
 title = {In synch but not in step: Circadian clock circuits regulating plasticity in daily rhythms},
 volume = {320},
 year = {2016},
}

@article{Fan2007,
 author = {Fan, Yunzhen and Hida, Akiko and Anderson, Daniel a. and Izumo, Mariko and Johnson, Carl Hirschie},
 journal = {Curr. Biol.},
 pages = {1091--1100},
 title = {Cycling of CRYPTOCHROME Proteins Is Not Necessary for Circadian-Clock Function in Mammalian Fibroblasts},
 volume = {17},
 year = {2007},
}

@article{Fan2015,
 author = {Fan, J. and Zeng, H. and Olson, D. P. and Huber, K. M. and Gibson, J. R. and Takahashi, J. S.},
 journal = {J. Neurosci.},
 number = {5},
 pages = {1905--1920},
 title = {Vasoactive Intestinal Polypeptide (VIP)-Expressing Neurons in the Suprachiasmatic Nucleus Provide Sparse GABAergic Outputs to Local Neurons with Circadian Regulation Occurring Distal to the Opening of Postsynaptic GABAA Ionotropic Receptors},
 volume = {35},
 year = {2015},
}

@article{Field1974,
 author = {Field, Richard J.},
 journal = {J. Chem. Phys.},
 number = {5},
 pages = {1877},
 title = {Oscillations in chemical systems. IV. Limit cycle behavior in a model of a real chemical reaction},
 volume = {60},
 year = {1974},
}

@article{Forger2005,
 author = {Forger, Daniel B and Peskin, Charles S},
 journal = {Proc. Natl. Acad. Sci. U. S. A.},
 month = {},
 number = {2},
 pages = {321--324},
 title = {Stochastic simulation of the mammalian circadian clock},
 volume = {102},
 year = {2005},
}

@article{Freeman2013a,
 author = {Freeman, G Mark and Krock, Rebecca M and Aton, Sara J and Thaben, Paul and Herzog, Erik D},
 journal = {Neuron},
 month = {},
 number = {5},
 pages = {799--806},
 publisher = {Elsevier Inc.},
 title = {GABA networks destabilize genetic oscillations in the circadian pacemaker},
 volume = {78},
 year = {2013},
}

@article{Fujita2010,
 author = {Fujita, Kazuhiro A and Toyoshima, Yu and Uda, Shinsuke and Ozaki, Yu-ichi and Kubota, Hiroyuki and Kuroda, Shinya},
 journal = {Sci. Signal.},
 month = {},
 number = {132},
 pages = {ra56},
 title = {Decoupling of receptor and downstream signals in the Akt pathway by its low-pass filter characteristics},
 volume = {3},
 year = {2010},
}

@article{Gan2017,
 author = {Gan, Siting and O'Shea, Erin K.},
 journal = {Mol. Cell},
 month = {},
 pages = {1--14},
 publisher = {Elsevier Inc.},
 title = {An Unstable Singularity Underlies Stochastic Phasing of the Circadian Clock in Individual Cyanobacterial Cells},
 year = {2017},
}

@article{Garofalo2009,
 author = {Garofalo, Matteo and Nieus, Thierry and Massobrio, Paolo and Martinoia, Sergio},
 journal = {PLoS One},
 month = {},
 number = {8},
 pages = {e6482},
 title = {Evaluation of the performance of information theory-based methods and cross-correlation to estimate the functional connectivity in cortical networks},
 volume = {4},
 year = {2009},
}

@article{Giordano2016,
 author = {Giordano, Nils and Mairet, Francis and Gouz{\'{e}}, Jean Luc and Geiselmann, Johannes and de Jong, Hidde},
 journal = {PLoS Comput. Biol.},
 number = {3},
 pages = {1--28},
 title = {Dynamical Allocation of Cellular Resources as an Optimal Control Problem: Novel Insights into Microbial Growth Strategies},
 volume = {12},
 year = {2016},
}

@article{Glossop1999,
 author = {Glossop, N R and Lyons, L C and Hardin, P E},
 journal = {Science},
 number = {5440},
 pages = {766--768},
 title = {Interlocked feedback loops within the Drosophila circadian oscillator},
 volume = {286},
 year = {1999},
}

@article{Gondhalekar2016,
 author = {Gondhalekar, Ravi and Dassau, Eyal and {Doyle~III}, Francis J},
 journal = {Automatica},
 pages = {237--246},
 publisher = {Elsevier},
 title = {Periodic zone-MPC with asymmetric costs for outpatient-ready safety of an artificial pancreas to treat type 1 diabetes},
 volume = {71},
 year = {2016},
}

@article{Gonze2002,
 author = {Gonze, Didier and Halloy, Jose and Goldbeter, Albert},
 journal = {Proc. Natl. Acad. Sci. U. S. A.},
 month = {},
 number = {2},
 pages = {673--678},
 title = {Robustness of circadian rhythms with respect to molecular noise},
 volume = {99},
 year = {2002},
}

@article{Gonze2003,
 author = {Gonze, Didier and Halloy, Jos{\'{e}} and Leloup, Jean-Christophe and Goldbeter, Albert},
 journal = {C. R. Biol.},
 month = {},
 number = {2},
 pages = {189--203},
 title = {Stochastic models for circadian rhythms: effect of molecular noise on periodic and chaotic behaviour},
 volume = {326},
 year = {2003},
}

@article{Gonze2006,
 author = {Gonze, Didier and Goldbeter, Albert},
 journal = {Chaos},
 month = {},
 number = {2},
 pages = {026110},
 title = {Circadian rhythms and molecular noise},
 volume = {16},
 year = {2006},
}

@article{Goodwin1965,
 author = {Goodwin, Brian C},
 journal = {Adv. Enzyme Regul.},
 month = {},
 pages = {425--437},
 title = {Oscillatory behavior in enzymatic control processes},
 volume = {3},
 year = {1965},
}

@article{Govorunova2015,
 author = {Govorunova, Elena G and Sineshchekov, Oleg A and Janz, Roger and Liu, Xiaoqin and Spudich, John L},
 journal = {Science},
 month = {},
 number = {6248},
 pages = {647--650},
 title = {Natural light-gated anion channels: A family of microbial rhodopsins for advanced optogenetics},
 volume = {349},
 year = {2015},
}

@article{Green2008,
 author = {Green, Carla B and Takahashi, Joseph S and Bass, Joseph},
 journal = {Cell},
 month = {},
 number = {5},
 pages = {728--742},
 title = {The Meter of Metabolism},
 volume = {134},
 year = {2008},
}

@article{Gunawan2005,
 author = {Gunawan, Rudiyanto and Cao, Yang and Petzold, Linda and {Doyle~III}, Francis J.},
 journal = {Biophys. J.},
 number = {4},
 pages = {2530--2540},
 publisher = {Elsevier},
 title = {Sensitivity analysis of discrete stochastic systems},
 volume = {88},
 year = {2005},
}

@article{Haddad2003,
 author = {Haddad, Wassim M. and Hayakawa, Tomohisa and Bailey, James M.},
 journal = {Int. J. Adapt. Control Signal Process.},
 number = {3},
 pages = {209--235},
 title = {Adaptive control for non-negative and compartmental dynamical systems with applications to general anesthesia},
 volume = {17},
 year = {2003},
}

@article{Hafner2012,
 author = {Hafner, Marc and Koeppl, Heinz and Gonze, Didier},
 journal = {PLoS Comput. Biol.},
 number = {3},
 title = {Effect of network architecture on synchronization and entrainment properties of the circadian oscillations in the suprachiasmatic nucleus},
 volume = {8},
 year = {2012},
}

@article{Hagberg2008,
 author = {Hagberg, Aric A},
 journal = {Proc. 7th Python Sci. Conf.},
 pages = {11--15},
 title = {Exploring Network Structure, Dynamics, and Function using NetworkX},
 year = {2008},
}

@article{Hancock2017,
 author = {Hancock, Edward J. and Ang, Jordan and Papachristodoulou, Antonis and Stan, Guy-Bart},
 journal = {Cell Syst.},
 month = {},
 number = {5},
 pages = {498--508},
 publisher = {Elsevier Inc.},
 title = {The Interplay between Feedback and Buffering in Cellular Homeostasis},
 volume = {5},
 year = {2017},
}

@article{Hannibal2000,
 author = {Hannibal, Jens and M{\o}ller, Morten and Ottersen, Ole Petter and Fahrenkrug, Jan},
 journal = {J. Comp. Neurol.},
 month = {},
 number = {2},
 pages = {147--155},
 title = {PACAP and glutamate are co-stored in the retinohypothalamic tract},
 volume = {418},
 year = {2000},
}

@article{Hardin1990,
 author = {Hardin, Paul E. and Hall, Jeffrey C. and Rosbash, Michael},
 journal = {Nature},
 month = {},
 number = {6258},
 pages = {536--540},
 title = {Feedback of the Drosophila period gene product on circadian cycling of its messenger RNA levels},
 volume = {343},
 year = {1990},
}

@article{Hardin2005,
 author = {Hardin, P E},
 journal = {Curr. Biol.},
 number = {17},
 pages = {R714--R722},
 title = {The circadian timekeeping system of Drosophila},
 volume = {15},
 year = {2005},
}

@article{Harmar2002,
 author = {Harmar, Anthony J. and Marston, Hugh M. and Shen, Sanbing and Spratt, Christopher and West, Katrine M. and Sheward, W.John and Morrison, Christine F. and Dorin, Julia R. and Piggins, Hugh D. and Reubi, Jean-Claude and Kelly, John S. and Maywood, Elizabeth S. and Hastings, Michael H.},
 journal = {Cell},
 month = {},
 number = {4},
 pages = {497--508},
 title = {The VPAC2 Receptor Is Essential for Circadian Function in the Mouse Suprachiasmatic Nuclei},
 volume = {109},
 year = {2002},
}

@article{Harmer2000,
 author = {Harmer, S L and Hogenesch, J B and Straume, M and Chang, H S and Han, B and Zhu, T and Wang, X and Kreps, J A and Kay, S A},
 journal = {Science},
 number = {5499},
 pages = {2110--2113},
 title = {Orchestrated transcription of key pathways in Arabidopsis by the circadian clock},
 volume = {290},
 year = {2000},
}

@article{Harrington1999,
 author = {Harrington, M E and Hoque, S and Hall, A and Golombek, D and Biello, S},
 journal = {J. Neurosci.},
 month = {},
 number = {15},
 pages = {6637--6642},
 title = {Pituitary adenylate cyclase activating peptide phase shifts circadian rhythms in a manner similar to light},
 volume = {19},
 year = {1999},
}

@article{Hastings2014,
 author = {Hastings, M. H. and Brancaccio, M. and Maywood, E. S.},
 journal = {J. Neuroendocrinol.},
 month = {},
 number = {1},
 pages = {2--10},
 title = {Circadian Pacemaking in Cells and Circuits of the Suprachiasmatic Nucleus},
 volume = {26},
 year = {2014},
}

@article{Hatori2012,
 author = {Hatori, Megumi and Vollmers, Christopher and Zarrinpar, Amir and DiTacchio, Luciano and Bushong, Eric A. and Gill, Shubhroz and Leblanc, Mathias and Chaix, Amandine and Joens, Matthew and Fitzpatrick, James A.J. and Ellisman, Mark H. and Panda, Satchidananda},
 journal = {Cell Metab.},
 month = {},
 number = {6},
 pages = {848--860},
 publisher = {Elsevier Inc.},
 title = {Time-Restricted Feeding without Reducing Caloric Intake Prevents Metabolic Diseases in Mice Fed a High-Fat Diet},
 volume = {15},
 year = {2012},
}

@article{Hermanstyne2016,
 author = {Hermanstyne, Tracey O. and Simms, Carrie L. and Carrasquillo, Yarimar and Herzog, Erik D. and Nerbonne, Jeanne M.},
 journal = {J. Biol. Rhythms},
 month = {},
 number = {1},
 pages = {57--67},
 title = {Distinct Firing Properties of Vasoactive Intestinal Peptide-Expressing Neurons in the Suprachiasmatic Nucleus},
 volume = {31},
 year = {2016},
}

@article{Herzog1998,
 author = {Herzog, E D and Takahashi, J S and Block, G D},
 journal = {Nat. Neurosci.},
 month = {},
 number = {8},
 pages = {708--713},
 title = {Clock controls circadian period in isolated suprachiasmatic nucleus neurons},
 volume = {1},
 year = {1998},
}

@article{Herzog2000,
 author = {Herzog, Erik D. and Grace, Michael S. and Harrer, Christine and Williamson, John and Shinohara, Kazuyuki and Block, Gene D.},
 journal = {J. Comp. Neurol.},
 number = {1},
 pages = {86--98},
 title = {The role of Clock in the developmental expression of neuropeptides in the suprachiasmatic nucleus},
 volume = {424},
 year = {2000},
}

@article{Herzog2003,
 author = {Herzog, E. D. and Huckfeldt, R. M.},
 journal = {J. Neurophysiol.},
 month = {},
 number = {2},
 pages = {763--770},
 title = {Circadian Entrainment to Temperature, But Not Light, in the Isolated Suprachiasmatic Nucleus},
 volume = {90},
 year = {2003},
}

@article{Herzog2004,
 author = {Herzog, Erik D and Aton, Sara J and Numano, Rika and Sakaki, Yoshiyuki and Tei, Hajime},
 journal = {J. Biol. Rhythms},
 month = {},
 number = {1},
 pages = {35--46},
 title = {Temporal Precision in the Mammalian Circadian System: A Reliable Clock from Less Reliable Neurons},
 volume = {19},
 year = {2004},
}

@article{Herzog2004a,
 author = {Herzog, Erik D. and Aton, Sara J. and Numano, Rika and Sakaki, Yoshiyuki and Tei, Hajime},
 journal = {J. Biol. Rhythms},
 month = {},
 number = {1},
 pages = {35--46},
 title = {Temporal Precision in the Mammalian Circadian System: A Reliable Clock from Less Reliable Neurons},
 volume = {19},
 year = {2004},
}

@article{Herzog2015,
 author = {Herzog, E D and Kiss, I Z and Mazuski, C},
 journal = {Methods Enzymol.},
 pages = {3--22},
 title = {Measuring synchrony in the mammalian central circadian circuit},
 volume = {552},
 year = {2015},
}

@article{Herzog2017,
 author = {Herzog, Erik D. and Hermanstyne, Tracey and Smyllie, Nicola J. and Hastings, Michael H.},
 journal = {Cold Spring Harb. Perspect. Biol.},
 number = {1},
 title = {Regulating the suprachiasmatic nucleus (SCN) circadian clockwork: Interplay between cell- autonomous and circuit-level mechanisms},
 volume = {9},
 year = {2017},
}

@article{Hirota2010,
 author = {Hirota, Tsuyoshi and Lee, Jae Wook and Lewis, Warren G. and Zhang, Eric E. and Breton, Ghislain and Liu, Xianzhong and Garcia, Michael and Peters, Eric C. and Etchegaray, Jean-Pierre and Traver, David and Schultz, Peter G. and Kay, Steve A.},
 journal = {PLoS Biol.},
 month = {},
 number = {12},
 pages = {e1000559},
 title = {High-Throughput Chemical Screen Identifies a Novel Potent Modulator of Cellular Circadian Rhythms and Reveals CKI$\alpha$ as a Clock Regulatory Kinase},
 volume = {8},
 year = {2010},
}

@article{Hirota2012a,
 author = {Hirota, Tsuyoshi and Lee, Jae Wook and {St. John}, Peter C. and Sawa, Mariko and Iwaisako, Keiko and Noguchi, Takako and Pongsawakul, Pagkapol Y and Sonntag, Tim and Welsh, David K and Brenner, David A and {Doyle~III}, Francis J and Schultz, Peter G and Kay, Steve A},
 journal = {Science},
 month = {},
 number = {6098},
 pages = {1094--1097},
 title = {Identification of small molecule activators of cryptochrome},
 volume = {337},
 year = {2012},
}

@article{Honma2004,
 author = {Honma, Sato and Nakamura, Wataru and Shirakawa, Tetsuo and Honma, Ken Ichi},
 journal = {Neurosci. Lett.},
 number = {3},
 pages = {173--176},
 title = {Diversity in the circadian periods of single neurons of the rat suprachiasmatic nucleus depends on nuclear structure and intrinsic period},
 volume = {358},
 year = {2004},
}

@article{Houdek2014,
 author = {Houdek, Pavel and Sumov{\'{a}}, Alena},
 journal = {PLoS One},
 month = {},
 number = {9},
 pages = {e107360},
 title = {In Vivo Initiation of Clock Gene Expression Rhythmicity in Fetal Rat Suprachiasmatic Nuclei},
 volume = {9},
 year = {2014},
}

@article{Huang1990,
 author = {Huang, Jie and Turcotte, Donald L.},
 journal = {Geophys. Res. Lett.},
 month = {},
 number = {3},
 pages = {223--226},
 title = {Are earthquakes an example of deterministic chaos?},
 volume = {17},
 year = {1990},
}

@article{Huang2003,
 author = {Huang, Kerwyn Casey and Meir, Yigal and Wingreen, Ned S},
 journal = {Proc. Natl. Acad. Sci. U. S. A.},
 month = {},
 number = {22},
 pages = {12724--12728},
 title = {Dynamic structures in Escherichia coli: Spontaneous formation of MinE rings and MinD polar zones},
 volume = {100},
 year = {2003},
}

@article{Hunter2007,
 author = {Hunter, John D.},
 journal = {Comput. Sci. Eng.},
 number = {3},
 pages = {99--104},
 title = {Matplotlib: A 2D graphics environment},
 volume = {9},
 year = {2007},
}

@article{Inada2014,
 author = {Inada, Yutaka and Uchida, Hitoshi and Umemura, Yasuhiro and Nakamura, Wataru and Sakai, Takayoshi and Koike, Nobuya and Yagita, Kazuhiro},
 journal = {FEBS Lett.},
 month = {},
 number = {3},
 pages = {459--465},
 publisher = {Federation of European Biochemical Societies},
 title = {Cell and tissue-autonomous development of the circadian clock in mouse embryos},
 volume = {588},
 year = {2014},
}

@article{Indic2008,
 author = {Indic, Premananda and Schwartz, William J and Paydarfar, David},
 journal = {J. R. Soc. Interface},
 month = {},
 number = {25},
 pages = {873--883},
 title = {Design principles for phase-splitting behaviour of coupled cellular oscillators: clues from hamsters with 'split' circadian rhythms},
 volume = {5},
 year = {2008},
}

@article{Ishiura1998,
 author = {Ishiura, M and Kutsuna, S and Aoki, S and Iwasaki, H and Andersson, C R and Tanabe, A and Golden, S S and Johnson, C H and Kondo, T},
 journal = {Science},
 number = {5382},
 pages = {1519--1523},
 title = {Expression of a gene cluster kaiABC as a circadian feedback process in cyanobacteria},
 volume = {281},
 year = {1998},
}

@article{Jeong2016,
 author = {Jeong, Byeongha and Hong, Jin Hee and Kim, Hyun and Choe, Han Kyoung and Kim, Kyungjin and Lee, Kyoung J.},
 journal = {Sci. Rep.},
 month = {},
 number = {1},
 pages = {21463},
 title = {Multi-stability of circadian phase wave within early postnatal suprachiasmatic nucleus},
 volume = {6},
 year = {2016},
}

@article{Jewett1994,
 author = {Jewett, Megan E. and Kronauer, Richard E. and Czeisler, Charles A.},
 journal = {J. Biol. Rhythms},
 month = {},
 number = {3-4},
 pages = {295--314},
 title = {Phase-Amplitude Resetting of the Human Circadian Pacemaker via Bright Light: A Further Analysis},
 volume = {9},
 year = {1994},
}

@article{Jewett1998,
 author = {Jewett, M E and Kronauer, R E},
 journal = {J. Theor. Biol.},
 number = {4},
 pages = {455--465},
 title = {Refinement of a limit cycle oscillator model of the effects of light on the human circadian pacemaker},
 volume = {192},
 year = {1998},
}

@article{Jewett1999,
 author = {Jewett, M E and Forger, D B and Kronauer, R E},
 journal = {J. Biol. Rhythms},
 month = {},
 number = {6},
 pages = {493--500},
 title = {Revised Limit Cycle Oscillator Model of Human Circadian Pacemaker},
 volume = {14},
 year = {1999},
}

@article{Jin2017,
 author = {Jin, Xin and Kim, Chang-Sei and Dumont, Guy A. and Ansermino, J. Mark and Hahn, Jin-Oh},
 journal = {Int. J. Adapt. Control Signal Process.},
 month = {},
 number = {2},
 pages = {240--254},
 title = {A semi-adaptive control approach to closed-loop medication infusion},
 volume = {31},
 year = {2017},
}

@article{Johnson1999,
 author = {Johnson, C H},
 journal = {Chronobiol. Int.},
 number = {6},
 pages = {711--743},
 title = {Forty years of PRCs--what have we learned?},
 volume = {16},
 year = {1999},
}

@article{Jones2015,
 author = {Jones, Jeff R and Tackenberg, Michael C and McMahon, Douglas G},
 journal = {Nat. Neurosci.},
 month = {},
 number = {3},
 pages = {373--375},
 title = {Manipulating circadian clock neuron firing rate resets molecular circadian rhythms and behavior},
 volume = {18},
 year = {2015},
}

@article{Julius2008,
 author = {Julius, A. Agung and Halasz, {\'{A}}d{\'{A}}m and Sakar, M. Selman and Rubin, Harvey and Kumar, Vijay and Pappas, George J.},
 journal = {IEEE Trans. Automat. Contr.},
 month = {},
 pages = {51--65},
 title = {Stochastic Modeling and Control of Biological Systems: The Lactose Regulation System of Escherichia Coli},
 volume = {53},
 year = {2008},
}

@inproceedings{Julius2017,
 author = {Julius, Agung and Yin, Jiawei and Wen, John T},
 booktitle = {IEEE Conf. Decis. Control 2017},
 pages = {4709--4714},
 title = {Time-Optimal Control for Circadian Entrainment for a Model with Circadian and Sleep Dynamics},
}

@article{Kabrita2008,
 author = {Kabrita, Colette S. and Davis, Fred C.},
 journal = {Brain Res.},
 month = {},
 pages = {20--27},
 title = {Development of the mouse suprachiasmatic nucleus: Determination of time of cell origin and spatial arrangements within the nucleus},
 volume = {1195},
 year = {2008},
}

@article{Kaminski2001,
 author = {Kaminski, Maciej and Ding, Mingzhou and Truccolo, Wilson A and Bressler, Steven L},
 journal = {Biol. Cybern.},
 month = {},
 number = {2},
 pages = {145--157},
 title = {Evaluating causal relations in neural systems: Granger causality, directed transfer function and statistical assessment of significance},
 volume = {85},
 year = {2001},
}

@article{Kim2012,
 author = {Kim, Jae Kyoung and Forger, Daniel B},
 journal = {Mol. Syst. Biol.},
 month = {},
 number = {1},
 pages = {630},
 publisher = {Nature Publishing Group},
 title = {A mechanism for robust circadian timekeeping via stoichiometric balance},
 volume = {8},
 year = {2012},
}

@article{Kim2013,
 author = {Kim, J K and Forger, D B and Marconi, M and Wood, D and Doran, A and Wager, T and Chang, C and Walton, K M},
 journal = {CPT Pharmacometrics Syst. Pharmacol.},
 month = {},
 number = {7},
 pages = {e57},
 title = {Modeling and Validating Chronic Pharmacological Manipulation of Circadian Rhythms},
 volume = {2},
 year = {2013},
}

@article{Kingsbury2016,
 author = {Kingsbury, Nathaniel J. and Taylor, Stephanie R. and Henson, Michael A.},
 journal = {J. Theor. Biol.},
 month = {},
 pages = {135--144},
 publisher = {Elsevier},
 title = {Inhibitory and excitatory networks balance cell coupling in the suprachiasmatic nucleus: A modeling approach},
 volume = {397},
 year = {2016},
}

@book{Kirk2012pontryagin,
 author = {Kirk, Donald E},
 chapter = {5},
 publisher = {Dover Publications},
 title = {Optimal Control Theory: An Introduction},
 year = {2012},
}

@article{Klabunde2002,
 author = {Klabunde, Thomas and Hessler, Gerhard},
 journal = {Chem Biochem},
 number = {10},
 pages = {928--944},
 title = {Drug design strategies for targeting G-protein-coupled receptors},
 volume = {3},
 year = {2002},
}

@article{Klerman2002,
 author = {Klerman, E. B. and Gershengorn, H. B. and Duffy, J. F. and Kronauer, R. E.},
 journal = {J. Biol. Rhythms},
 month = {},
 number = {2},
 pages = {181--193},
 title = {Comparisons of the Variability of Three Markers of the Human Circadian Pacemaker},
 volume = {17},
 year = {2002},
}

@article{Ko2006,
 author = {Ko, Caroline H. and Takahashi, Joseph S.},
 journal = {Hum. Mol. Genet.},
 number = {2},
 pages = {271--277},
 title = {Molecular components of the mammalian circadian clock},
 volume = {15},
 year = {2006},
}

@article{Ko2010,
 author = {Ko, Caroline H and Yamada, Yujiro R and Welsh, David K and Buhr, Ethan D and Liu, Andrew C and Zhang, Eric E and Ralph, Martin R and Kay, Steve A and Forger, Daniel B and Takahashi, Joseph S},
 journal = {PLoS Biol.},
 month = {},
 number = {10},
 pages = {e1000513},
 title = {Emergence of noise-induced oscillations in the central circadian pacemaker},
 volume = {8},
 year = {2010},
}

@article{Koeppl2011,
 author = {Koeppl, H and Hafner, M and Ganguly, A and Mehrotra, A},
 journal = {Phys. Biol.},
 month = {},
 number = {5},
 pages = {055008},
 title = {Deterministic characterization of phase noise in biomolecular oscillators},
 volume = {8},
 year = {2011},
}

@article{Kolodyazhniy2011,
 author = {Kolodyazhniy, Vitaliy and Sp{\"{a}}ti, Jakub and Frey, Sylvia and G{\"{o}}tz, Thomas and Wirz-Justice, Anna and Kr{\"{a}}uchi, Kurt and Cajochen, Christian and Wilhelm, Frank H},
 journal = {J. Biol. Rhythms},
 month = {},
 number = {1},
 pages = {55--67},
 title = {Estimation of human circadian phase via a multi-channel ambulatory monitoring system and a multiple regression model},
 volume = {26},
 year = {2011},
}

@article{Kolodyazhniy2012,
 author = {Kolodyazhniy, Vitaliy and Sp{\"{a}}ti, Jakub and Frey, Sylvia and G{\"{o}}tz, Thomas and Wirz-Justice, Anna and Kr{\"{a}}uchi, Kurt and Cajochen, Christian and Wilhelm, Frank H.},
 journal = {Chronobiol. Int.},
 number = {8},
 pages = {1078--1097},
 title = {An improved method for estimating human circadian phase derived from multichannel ambulatory monitoring and artificial neural networks},
 volume = {29},
 year = {2012},
}

@article{Konopka1971,
 author = {Konopka, R J and Benzer, S},
 journal = {Proc. Natl. Acad. Sci. U. S. A.},
 number = {9},
 pages = {2112--2116},
 title = {Clock mutants of Drosophila melanogaster},
 volume = {68},
 year = {1971},
}

@article{Kovacikova2006,
 author = {Kov{\'{a}}{\v{c}}ikov{\'{a}}, Zuzana and Sl{\'{a}}dek, Martin and Bendov{\'{a}}, Zdenka and Illnerov{\'{a}}, Helena and Sumov{\'{a}}, Alena},
 journal = {J. Biol. Rhythms},
 month = {},
 number = {2},
 pages = {140--148},
 title = {Expression of Clock and Clock-Driven Genes in the Rat Suprachiasmatic Nucleus during Late Fetal and Early Postnatal Development},
 volume = {21},
 year = {2006},
}

@article{Kramer1984,
 author = {Kramer, Mark A and Rabitz, Herschel and Calo, Joseph M},
 journal = {Appl. Math. Model.},
 pages = {328--340},
 title = {Sensitivity analysis of osciallatory systems},
 volume = {8},
 year = {1984},
}

@article{Kronauer1999,
 author = {Kronauer, R E and Forger, D B and Jewett, M E},
 journal = {J. Biol. Rhythms},
 number = {6},
 pages = {500--515},
 title = {Quantifying human circadian pacemaker response to brief, extended, and repeated light stimuli over the phototopic range},
 volume = {14},
 year = {1999},
}

@article{Laguna2017,
 author = {{Laguna Sanz}, Alejandro J and {Doyle III}, Francis J. and Dassau, Eyal},
 journal = {J. Diabetes Sci. Technol.},
 number = {3},
 pages = {537--544},
 title = {An Enhanced Model Predictive Control for the Artificial Pancreas Using a Confidence Index Based on Residual Analysis of Past Predictions},
 volume = {11},
 year = {2017},
}

@article{Lamia2008a,
 author = {Lamia, Katja A and Storch, Kai-Florian and Weitz, Charles J},
 journal = {Proc. Natl. Acad. Sci. U. S. A.},
 month = {},
 number = {39},
 pages = {15172--15177},
 title = {Physiological significance of a peripheral tissue circadian clock},
 volume = {105},
 year = {2008},
}

@article{Landgraf2015,
 author = {Landgraf, Dominic and Achten, Christian and Dallmann, Franziska and Oster, Henrik},
 journal = {Chronobiol. Int.},
 month = {},
 number = {3},
 pages = {416--427},
 publisher = {Informa Healthcare USA, Inc},
 title = {Embryonic development and maternal regulation of murine circadian clock function},
 volume = {32},
 year = {2015},
}

@article{Lauffenburger2000,
 author = {Lauffenburger, D A},
 journal = {Proc. Natl. Acad. Sci. U. S. A.},
 month = {},
 number = {10},
 pages = {5031--5033},
 title = {Cell signaling pathways as control modules: Complexity for simplicity?},
 volume = {97},
 year = {2000},
}

@article{Leise2011,
 author = {Leise, Tanya L and Harrington, Mary E},
 journal = {J. Biol. Rhythms},
 month = {},
 number = {5},
 pages = {454--463},
 title = {Wavelet-based time series analysis of circadian rhythms},
 volume = {26},
 year = {2011},
}

@article{Leise2013,
 author = {Leise, Tanya L.},
 journal = {J. Circadian Rhythms},
 month = {},
 number = {1},
 pages = {5},
 title = {Wavelet analysis of circadian and ultradian behavioral rhythms},
 volume = {11},
 year = {2013},
}

@article{Leloup2003a,
 author = {Leloup, Jean-Christophe and Goldbeter, Albert},
 journal = {Proc. Natl. Acad. Sci. U. S. A.},
 pages = {7051--7056},
 title = {Toward a detailed computational model for the mammalian circadian clock},
 volume = {100},
 year = {2003},
}

@article{Lemmer1991,
 author = {Lemmer, Bj{\"{o}}rn},
 journal = {J. Control. Release},
 month = {},
 number = {1-2},
 pages = {63--74},
 title = {Circadian rhythms and drug delivery},
 volume = {16},
 year = {1991},
}

@article{Levi2010,
 author = {L{\'{e}}vi, Francis and Okyar, Alper and Dulong, Sandrine and Innominato, Pasquale F and Clairambault, Jean},
 journal = {Annu. Rev. Pharmacol. Toxicol.},
 month = {},
 number = {1},
 pages = {377--421},
 title = {Circadian Timing in Cancer Treatments},
 volume = {50},
 year = {2010},
}

@article{Li2013,
 author = {Li, Jr-Shin and Dasanayake, Isuru and Ruths, Justin},
 journal = {IEEE Trans. Automat. Contr.},
 month = {},
 number = {8},
 pages = {1919--1930},
 title = {Control and Synchronization of Neuron Ensembles},
 volume = {58},
 year = {2013},
}

@article{Liu2007a,
 author = {Liu, Andrew C. and Lewis, Warren G. and Kay, Steve A.},
 journal = {Nat. Chem. Biol.},
 month = {},
 number = {10},
 pages = {630--639},
 title = {Mammalian circadian signaling networks and therapeutic targets},
 volume = {3},
 year = {2007},
}

@article{Lowrey2004,
 author = {Lowrey, Phillip L and Takahashi, Joseph S},
 journal = {Annu. Rev. Genomics Hum. Genet.},
 number = {47},
 pages = {407--441},
 title = {Mammalian circadian biology: elucidating genome-wide levels of temporal organization},
 volume = {5},
 year = {2004},
}

@article{Luni2011,
 author = {Luni, Camilla and {Doyle III}, Francis J.},
 journal = {Int. J. Robust Nonlinear Control},
 month = {},
 number = {15},
 pages = {1730--1741},
 title = {Robust multi-drug therapy design and application to insulin resistance in type 2 diabetes},
 volume = {21},
 year = {2011},
}

@article{Marcheva2010,
 author = {Marcheva, Biliana and Ramsey, Kathryn Moynihan and Buhr, Ethan D and Kobayashi, Yumiko and Su, Hong and Ko, Caroline H and Ivanova, Ganka and Omura, Chiaki and Mo, Shelley and Vitaterna, Martha H and Lopez, James P and Philipson, Louis H and Bradfield, Christopher A and Crosby, Seth D and JeBailey, Lellean and Wang, Xiaozhong and Takahashi, Joseph S and Bass, Joseph},
 journal = {Nature},
 month = {},
 number = {7306},
 pages = {627--631},
 publisher = {Nature Publishing Group},
 title = {Disruption of the clock components CLOCK and BMAL1 leads to hypoinsulinaemia and diabetes},
 volume = {466},
 year = {2010},
}

@article{Marquie2015,
 author = {Marqui{\'{e}}, Jean-Claude and Tucker, Philip and Folkard, Simon and Gentil, Catherine and Ansiau, David},
 journal = {Occup. Environ. Med.},
 month = {},
 number = {4},
 pages = {258--264},
 title = {Chronic effects of shift work on cognition: findings from the VISAT longitudinal study},
 volume = {72},
 year = {2015},
}

@article{Marvin2013,
 author = {Marvin, Jonathan S. and Borghuis, Bart G. and Tian, Lin and Cichon, Joseph and Harnett, Mark T. and Akerboom, Jasper and Gordus, Andrew and Renninger, Sabine L. and Chen, Tsai Wen and Bargmann, Cornelia I. and Orger, Michael B. and Schreiter, Eric R. and Demb, Jonathan B. and Gan, Wen Biao and Hires, S. Andrew and Looger, Loren L.},
 journal = {Nat. Methods},
 number = {2},
 pages = {162--170},
 title = {An optimized fluorescent probe for visualizing glutamate neurotransmission},
 volume = {10},
 year = {2013},
}

@article{Maywood2006,
 author = {Maywood, Elizabeth S and Reddy, Akhilesh B and Wong, Gabriel K Y and O'Neill, John S and O'Brien, John A and McMahon, Douglas G and Harmar, Anthony J and Okamura, Hitoshi and Hastings, Michael H},
 journal = {Curr. Biol.},
 month = {},
 number = {6},
 pages = {599--605},
 title = {Synchronization and maintenance of timekeeping in suprachiasmatic circadian clock cells by neuropeptidergic signaling},
 volume = {16},
 year = {2006},
}

@article{Maywood2007,
 author = {Maywood, E. S. and O'Neill, J. S. and Reddy, A. B. and Chesham, J. E. and Prosser, H. M. and Kyriacou, C. P. and Godinho, S. I. H. and Nolan, P. M. and Hastings, M. H.},
 journal = {Cold Spring Harb. Symp. Quant. Biol.},
 month = {},
 number = {1},
 pages = {85--94},
 title = {Genetic and Molecular Analysis of the Central and Peripheral Circadian Clockwork of Mice},
 volume = {72},
 year = {2007},
}

@article{Maywood2011,
 author = {Maywood, Elizabeth S and Chesham, Johanna E and Meng, Q.-J. and Nolan, Patrick M and Loudon, Andrew S I and Hastings, Michael H},
 journal = {J. Neurosci.},
 month = {},
 number = {4},
 pages = {1539--1544},
 title = {Tuning the Period of the Mammalian Circadian Clock: Additive and Independent Effects of CK1 Tau and Fbxl3Afh Mutations on Mouse Circadian Behavior and Molecular Pacemaking},
 volume = {31},
 year = {2011},
}

@article{McClung2006b,
 author = {McClung, C. R.},
 journal = {Plant Cell},
 month = {},
 number = {4},
 pages = {792--803},
 title = {Plant Circadian Rhythms},
 volume = {18},
 year = {2006},
}

@article{Meijer2010,
 author = {Meijer, Johanna H and Michel, Stephan and VanderLeest, Henk T. and Rohling, Jos H T},
 journal = {Eur. J. Neurosci.},
 month = {},
 number = {12},
 pages = {2143--2151},
 title = {Daily and seasonal adaptation of the circadian clock requires plasticity of the SCN neuronal network},
 volume = {32},
 year = {2010},
}

@article{Michel2013,
 author = {Michel, Stephan and Marek, Roger and VanderLeest, Henk T. and VanSteensel, Mariska J. and Schwartz, William J. and Colwell, Christopher S. and Meijer, Johanna H.},
 journal = {Eur. J. Neurosci.},
 month = {},
 number = {6},
 pages = {964--971},
 title = {Mechanism of bilateral communication in the suprachiasmatic nucleus},
 volume = {37},
 year = {2013},
}

@article{Mieda2015,
 author = {Mieda, Michihiro and Ono, Daisuke and Hasegawa, Emi and Okamoto, Hitoshi and Honma, Ken-Ichi and Honma, Sato and Sakurai, Takeshi},
 journal = {Neuron},
 month = {},
 number = {5},
 pages = {1103--1116},
 publisher = {Elsevier Inc.},
 title = {Cellular clocks in AVP neurons of the SCN are critical for interneuronal coupling regulating circadian behavior rhythm},
 volume = {85},
 year = {2015},
}

@article{Mirsky2009b,
 author = {Mirsky, Henry P and Liu, Andrew C and Welsh, David K and Kay, Steve A and {Doyle~III}, Francis J},
 journal = {Proc. Natl. Acad. Sci. U. S. A.},
 month = {},
 number = {27},
 pages = {11107--11112},
 title = {A model of the cell-autonomous mammalian circadian clock},
 volume = {106},
 year = {2009},
}

@article{Mohawk2011,
 author = {Mohawk, Jennifer A. and Takahashi, Joseph S.},
 journal = {Trends Neurosci.},
 month = {},
 number = {7},
 pages = {349--358},
 publisher = {Elsevier Ltd},
 title = {Cell autonomy and synchrony of suprachiasmatic nucleus circadian oscillators},
 volume = {34},
 year = {2011},
}

@article{Mohawk2012,
 author = {Mohawk, Jennifer A and Green, Carla B and Takahashi, Joseph S},
 journal = {Annu. Rev. Neurosci.},
 month = {},
 number = {1},
 pages = {445--462},
 title = {Central and Peripheral Circadian Clocks in Mammals},
 volume = {35},
 year = {2012},
}

@article{Moore1989,
 author = {Moore, Y J and Bernstein, E},
 journal = {J. Neurosci.},
 number = {6},
 pages = {2151--2162},
 title = {Synaptogenesis in the Rat Suprachiasmatic Nucleus Demonstrated by Electron Microscopy and Synapsin I Immunoreactivity},
 volume = {9},
 year = {1989},
}

@article{Mukherji2015,
 author = {Mukherji, Atish and Kobiita, Ahmad and Damara, Manohar and Misra, Nisha and Meziane, Hamid and Champy, Marie-France and Chambon, Pierre},
 journal = {Proc. Natl. Acad. Sci. U. S. A.},
 month = {},
 number = {48},
 pages = {E6691--E6698},
 title = {Shifting eating to the circadian rest phase misaligns the peripheral clocks with the master SCN clock and leads to a metabolic syndrome},
 volume = {112},
 year = {2015},
}

@article{Myung2015,
 author = {Myung, Jihwan and Hong, Sungho and DeWoskin, Daniel and {De Schutter}, Erik and Forger, Daniel B. and Takumi, Toru},
 journal = {Proc. Natl. Acad. Sci. U. S. A.},
 number = {29},
 pages = {E3920--E3929},
 title = {GABA-mediated repulsive coupling between circadian clock neurons in the SCN encodes seasonal time},
 volume = {112},
 year = {2015},
}

@article{Nakajima2005,
 author = {Nakajima, Masato and Imai, Keiko and Ito, Hiroshi and Nishiwaki, Taeko and Murayama, Yoriko and Iwasaki, Hideo and Oyama, Tokitaka and Kondo, Takao},
 journal = {Science},
 number = {5720},
 pages = {414--415},
 title = {Reconstitution of circadian oscillation of cyanobacterial KaiC phosphorylation in vitro},
 volume = {308},
 year = {2005},
}

@article{Neher2008,
 author = {Neher, Erwin and Sakaba, Takeshi},
 journal = {Neuron},
 month = {},
 number = {6},
 pages = {861--872},
 title = {Multiple roles of calcium ions in the regulation of neurotransmitter release},
 volume = {59},
 year = {2008},
}

@article{Neill2011,
 author = {O'Neill, John S. and Reddy, Akhilesh B},
 journal = {Nature},
 month = {},
 number = {7331},
 pages = {498--503},
 publisher = {Nature Publishing Group},
 title = {Circadian clocks in human red blood cells},
 volume = {469},
 year = {2011},
}

@article{Newman2000,
 author = {Newman, M E and Moore, C and Watts, D J},
 journal = {Phys. Rev. Lett.},
 month = {},
 number = {14},
 pages = {3201--3204},
 title = {Mean-field solution of the small-world network model},
 volume = {84},
 year = {2000},
}

@article{Noguchi2017,
 author = {Noguchi, Takako and Leise, Tanya L. and Kingsbury, Nate and Diemer, Tanja and Wang, Lexie L. and Henson, Michael A. and Welsh, David K.},
 journal = {Eneuro},
 title = {Calcium Circadian Rhythmicity in the Suprachiasmatic Nucleus: Cell Autonomy and Network Modulation},
 volume = {4},
 year = {2017},
}

@article{Novak2008,
 author = {Nov{\'{a}}k, B{\'{e}}la and Tyson, John J},
 journal = {Nat. Rev. Mol. Cell Biol.},
 month = {},
 number = {12},
 pages = {981--991},
 title = {Design principles of biochemical oscillators},
 volume = {9},
 year = {2008},
}

@article{ONeill2011,
 author = {O'Neill, John S. and van Ooijen, Gerben and Dixon, Laura E and Troein, Carl and Corellou, Florence and Bouget, Fran{\c{c}}ois-Yves and Reddy, Akhilesh B and Millar, Andrew J},
 journal = {Nature},
 month = {},
 number = {7331},
 pages = {554--558},
 publisher = {Nature Publishing Group},
 title = {Circadian rhythms persist without transcription in a eukaryote},
 volume = {469},
 year = {2011},
}

@article{Ode2017,
 author = {Ode, Koji L. and Ueda, Hiroki R.},
 journal = {Cold Spring Harb. Perspect. Biol.},
 month = {},
 pages = {a028357},
 title = {Design Principles of Phosphorylation-Dependent Timekeeping in Eukaryotic Circadian Clocks},
 year = {2017},
}

@article{Ode2017a,
 author = {Ode, Koji L. and Ukai, Hideki and Susaki, Etsuo A. and Narumi, Ryohei and Matsumoto, Katsuhiko and Hara, Junko and Koide, Naoshi and Abe, Takaya and Kanemaki, Masato T. and Kiyonari, Hiroshi and Ueda, Hiroki R.},
 journal = {Mol. Cell},
 number = {1},
 pages = {176--190},
 publisher = {Elsevier Inc.},
 title = {Knockout-Rescue Embryonic Stem Cell-Derived Mouse Reveals Circadian-Period Control by Quality and Quantity of CRY1},
 volume = {65},
 year = {2017},
}

@article{Ohta2005,
 author = {Ohta, Hidenobu and Yamazaki, Shin and McMahon, Douglas G},
 journal = {Nat. Neurosci.},
 number = {3},
 pages = {267--269},
 title = {Constant light desynchronizes mammalian clock neurons},
 volume = {8},
 year = {2005},
}

@article{Okuno2008,
 author = {Okuno, Yasushi and Tamon, Akiko and Yabuuchi, Hiroaki and Niijima, Satoshi and Minowa, Yohsuke and Tonomura, Koichiro and Kunimoto, Ryo and Feng, Chunlai},
 journal = {Nucleic Acids Res.},
 pages = {907--912},
 title = {GLIDA: GPCR - Ligand database for chemical genomics drug discovery - Database and tools update},
 volume = {36},
 year = {2008},
}

@article{Ono2016,
 author = {Ono, Daisuke and Honma, S. and Honma, K.-i.},
 journal = {Sci. Adv.},
 month = {},
 number = {9},
 pages = {e1600960--e1600960},
 title = {Differential roles of AVP and VIP signaling in the postnatal changes of neural networks for coherent circadian rhythms in the SCN},
 volume = {2},
 year = {2016},
}

@article{Ozik2004,
 author = {Ozik, Jonathan and Hunt, Brian R. and Ott, Edward},
 journal = {Phys. Rev. E},
 number = {1},
 pages = {1--5},
 title = {Growing networks with geographical attachment preference: Emergence of small worlds},
 volume = {69},
 year = {2004},
}

@article{Pan2011,
 author = {Pan, An and Schernhammer, Eva S. and Sun, Qi and Hu, Frank B.},
 journal = {PLoS Med.},
 number = {12},
 title = {Rotating night shift work and risk of type 2 diabetes: Two prospective cohort studies in women},
 volume = {8},
 year = {2011},
}

@article{Panda2002,
 author = {Panda, Satchidananda and Antoch, Marina P. and Miller, Brooke H. and Su, Andrew I. and Schook, Andrew B. and Straume, Marty and Schultz, Peter G. and Kay, Steve A. and Takahashi, Joseph S. and Hogenesch, John B.},
 journal = {Cell},
 number = {3},
 pages = {307--320},
 title = {Coordinated transcription of key pathways in the mouse by the circadian clock},
 volume = {109},
 year = {2002},
}

@article{Pedregosa2012,
 author = {Pedregosa, Fabian and Varoquaux, Ga{\"{e}}l and Gramfort, Alexandre and Michel, Vincent and Thirion, Bertrand and Grisel, Olivier and Blondel, Mathieu and Prettenhofer, Peter and Weiss, Ron and Dubourg, Vincent and Vanderplas, Jake and Passos, Alexandre and Cournapeau, David and Brucher, Matthieu and Perrot, Matthieu and Duchesnay, {\'{E}}douard},
 journal = {J. Mach. Learn. Res.},
 pages = {2825--2830},
 title = {Scikit-learn: Machine Learning in Python},
 volume = {12},
 year = {2012},
}

@article{Pennartz1998,
 author = {Pennartz, C M and {De Jeu}, M T and Geurtsen, A M and Sluiter, A. A. and Hermes, M L},
 journal = {J. Physiol.},
 month = {},
 number = {3},
 pages = {775--793},
 title = {Electrophysiological and morphological heterogeneity of neurons in slices of rat suprachiasmatic nucleus},
 volume = {506 ( Pt 3},
 year = {1998},
}

@article{Perez2007,
 author = {P{\'{e}}rez, Fernando and Granger, Brian E.},
 journal = {Comput. Sci. Eng.},
 number = {3},
 pages = {21--29},
 title = {IPython: A system for interactive scientific computing},
 volume = {9},
 year = {2007},
}

@article{Perley2014,
 author = {Perley, Jeffrey P. and Mikolajczak, Judith and Harrison, Marietta L. and Buzzard, Gregery T. and Rundell, Ann E.},
 journal = {PLoS Comput. Biol.},
 number = {4},
 title = {Multiple Model-Informed Open-Loop Control of Uncertain Intracellular Signaling Dynamics},
 volume = {10},
 year = {2014},
}

@article{Pittendrigh1976,
 author = {Pittendrigh, C S and Daan, S},
 journal = {J. Comp. Physiol. A},
 pages = {223--252},
 title = {A functional analysis of circadian pacemakers in noctural rodents: I. The stability and lability of circadian frequency},
 volume = {106},
 year = {1976},
}

@article{Potvin2016,
 author = {Potvin-Trottier, Laurent and Lord, Nathan D. and Vinnicombe, Glenn and Paulsson, Johan},
 journal = {Nature},
 number = {7626},
 pages = {514--517},
 publisher = {Nature Publishing Group},
 title = {Synchronous long-term oscillations in a synthetic gene circuit},
 volume = {538},
 year = {2016},
}

@article{Pourzanjani2015,
 author = {Pourzanjani, Arya and Herzog, Erik D and Petzold, Linda R},
 journal = {PLoS One},
 month = {},
 number = {9},
 pages = {e0137540},
 title = {On the Inference of Functional Circadian Networks Using Granger Causality},
 volume = {10},
 year = {2015},
}

@article{Pulivarthy2007,
 author = {Pulivarthy, S R and Tanaka, N and Welsh, D K and {De Haro}, L and Verma, I M and Panda, S},
 journal = {Proc. Natl. Acad. Sci. U. S. A.},
 month = {},
 number = {51},
 pages = {20356--20361},
 title = {Reciprocity between phase shifts and amplitude changes in the mammalian circadian clock},
 volume = {104},
 year = {2007},
}

@article{Qiao2017,
 author = {Qiao, Wei and Wen, John T. and Julius, Agung},
 journal = {IEEE Trans. Automat. Contr.},
 number = {1},
 pages = {445--450},
 title = {Entrainment Control of Phase Dynamics},
 volume = {62},
 year = {2017},
}

@article{Qiu2017,
 author = {Qiu, Yongzhi and Tong, Sheng and Zhang, Linlin and Sakurai, Yumiko and Myers, David R. and Hong, Lin and Lam, Wilbur A. and Bao, Gang},
 journal = {Nat. Commun.},
 month = {},
 pages = {15594},
 publisher = {Nature Publishing Group},
 title = {Magnetic forces enable controlled drug delivery by disrupting endothelial cell-cell junctions},
 volume = {8},
 year = {2017},
}

@article{Quintero2003,
 author = {Quintero, Jorge E and Kuhlman, Sandra J and McMahon, Douglas G},
 journal = {J. Neurosci.},
 number = {22},
 pages = {8070--8076},
 title = {The biological clock nucleus: a multiphasic oscillator network regulated by light},
 volume = {23},
 year = {2003},
}

@article{Rabitz1983,
 author = {Rabitz, H and Kramer, M and Dacol, D},
 journal = {Annu. Rev. Phys. Chem.},
 month = {},
 number = {1},
 pages = {419--461},
 title = {Sensitivity Analysis in Chemical Kinetics},
 volume = {34},
 year = {1983},
}

@article{Ramkisoensing2015,
 author = {Ramkisoensing, Ashna and Meijer, Johanna H},
 journal = {Front. Neurol.},
 month = {},
 number = {128},
 title = {Synchronization of Biological Clock Neurons by Light and Peripheral Feedback Systems Promotes Circadian Rhythms and Health},
 volume = {6},
 year = {2015},
}

@article{Reppert2002,
 author = {Reppert, Steven M and Weaver, David R},
 journal = {Nature},
 month = {},
 number = {6901},
 pages = {935--941},
 title = {Coordination of circadian timing in mammals},
 volume = {418},
 year = {2002},
}

@article{Reshef2011,
 author = {Reshef, David N and Reshef, Yakir A and Finucane, Hilary K and Grossman, Sharon R and McVean, Gilean and Turnbaugh, Peter J and Lander, Eric S and Mitzenmacher, Michael and Sabeti, Pardis C},
 journal = {Science},
 month = {},
 number = {6062},
 pages = {1518--1524},
 title = {Detecting novel associations in large data sets},
 volume = {334},
 year = {2011},
}

@article{Rosenwasser2010,
 author = {Rosenwasser, Alan M.},
 journal = {Neurosci. Biobehav. Rev.},
 month = {},
 number = {8},
 pages = {1249--1255},
 publisher = {Elsevier Ltd},
 title = {Circadian clock genes: Non-circadian roles in sleep, addiction, and psychiatric disorders?},
 volume = {34},
 year = {2010},
}

@article{Rougemont2007,
 author = {Rougemont, Jacques and Naef, Felix},
 journal = {Mol. Syst. Biol.},
 month = {},
 pages = {93},
 title = {Dynamical signatures of cellular fluctuations and oscillator stability in peripheral circadian clocks},
 volume = {3},
 year = {2007},
}

@article{Rubin1970,
 author = {Rubin, R. P.},
 journal = {Pharmacol. Rev.},
 number = {144},
 pages = {389--428},
 title = {Role of calcium in the release substances of neurotransmitter and hormones},
 volume = {22},
 year = {1970},
}

@article{Ruf1999,
 author = {Ruf, T},
 journal = {Biol. Rhythm Res.},
 number = {2},
 pages = {178--201},
 title = {The Lomb-Scargle periodogram in biological rhythm research: Analysis of incomplete and unequally spaced time-series},
 volume = {30},
 year = {1999},
}

@article{Salio2006,
 author = {Salio, Chiara and Lossi, Laura and Ferrini, Francesco and Merighi, Adalberto},
 journal = {Cell Tissue Res.},
 number = {2},
 pages = {583--598},
 title = {Neuropeptides as synaptic transmitters},
 volume = {326},
 year = {2006},
}

@article{Salvador2007,
 author = {Salvador, Stan and Chan, P},
 journal = {Intell. Data Anal.},
 number = {5},
 pages = {561--580},
 title = {Toward accurate dynamic time warping in linear time and space},
 volume = {11},
 year = {2007},
}

@article{Sanft2011,
 author = {Sanft, Kevin R and Wu, Sheng and Roh, Min and Fu, Jin and Lim, Rone Kwei and Petzold, Linda R},
 journal = {Bioinformatics},
 number = {17},
 pages = {2457--2458},
 title = {StochKit2: software for discrete stochastic simulation of biochemical systems with events},
 volume = {27},
 year = {2011},
}

@article{Sato2004,
 author = {Sato, Trey K. and Panda, Satchidananda and Miraglia, Loren J. and Reyes, Teresa M. and Rudic, Radu D. and McNamara, Peter and Naik, Kinnery A. and Fitzgerald, Garret A. and Kay, Steve A. and Hogenesch, John B.},
 journal = {Neuron},
 number = {4},
 pages = {527--537},
 title = {A functional genomics strategy reveals rora as a component of the mammalian circadian clock},
 volume = {43},
 year = {2004},
}

@article{Schneider2012,
 author = {Schneider, Caroline A and Rasband, Wayne S and Eliceiri, Kevin W},
 journal = {Nat. Methods},
 month = {},
 number = {7},
 pages = {671--675},
 publisher = {Nature Publishing Group},
 title = {NIH Image to ImageJ: 25 years of image analysis},
 volume = {9},
 year = {2012},
}

@article{Schroder2012,
 author = {Schroder, Sondra and Herzog, Erik D and Kiss, Istv{\'{a}}n Z},
 journal = {J. Biol. Rhythms},
 month = {},
 number = {1},
 pages = {79--90},
 title = {Transcription-based oscillator model for light-induced splitting as antiphase circadian gene expression in the suprachiasmatic nuclei},
 volume = {27},
 year = {2012},
}

@article{Schwartz1987,
 author = {Schwartz, W J and Gross, R A and Morton, M T},
 journal = {Proc. Natl. Acad. Sci. U. S. A.},
 month = {},
 number = {6},
 pages = {1694--1698},
 title = {The suprachiasmatic nuclei contain a tetrodotoxin-resistant circadian pacemaker},
 volume = {84},
 year = {1987},
}

@article{Seabold2010,
 author = {Seabold, Skipper and Perktold, Josef},
 journal = {Proc. 9th Python Sci. Conf.},
 pages = {57--61},
 title = {Statsmodels: econometric and statistical modeling with Python},
 year = {2010},
}

@article{Serkh2014,
 author = {Serkh, Kirill and Forger, Daniel B.},
 journal = {PLoS Comput. Biol.},
 month = {},
 number = {4},
 pages = {e1003523},
 title = {Optimal Schedules of Light Exposure for Rapidly Correcting Circadian Misalignment},
 volume = {10},
 year = {2014},
}

@article{Shaik2008,
 author = {Shaik, O.S. and Sager, S. and Slaby, O. and Lebiedz, D.},
 journal = {IET Syst. Biol.},
 month = {},
 number = {1},
 pages = {16--23},
 title = {Phase tracking and restoration of circadian rhythms by model-based optimal control},
 volume = {2},
 year = {2008},
}

@article{Shibata1987,
 author = {Shibata, S and Moore, R Y},
 journal = {Brain Res.},
 number = {2},
 pages = {311--315},
 title = {Development of neuronal activity in the rat suprachiasmatic nucleus},
 volume = {431},
 year = {1987},
}

@article{Shimada1973,
 author = {Shimada, Morimi and Nakamura, Tsuneo},
 journal = {Exp. Neurol.},
 month = {},
 number = {1},
 pages = {163--173},
 title = {Time of neuron origin in mouse hypothalamic nuclei},
 volume = {41},
 year = {1973},
}

@article{Shimogori2010,
 author = {Shimogori, Tomomi and Lee, Daniel A and Miranda-Angulo, Ana and Yang, Yanqin and Wang, Hong and Jiang, Lizhi and Yoshida, Aya C and Kataoka, Ayane and Mashiko, Hiromi and Avetisyan, Marina and Qi, Lixin and Qian, Jiang and Blackshaw, Seth},
 journal = {Nat. Neurosci.},
 month = {},
 number = {6},
 pages = {767--775},
 publisher = {Nature Publishing Group},
 title = {A genomic atlas of mouse hypothalamic development},
 volume = {13},
 year = {2010},
}

@article{Shimomura2001,
 author = {Shimomura, Kazuhiro},
 journal = {Genome Res.},
 month = {},
 number = {6},
 pages = {959--980},
 title = {Genome-Wide Epistatic Interaction Analysis Reveals Complex Genetic Determinants of Circadian Behavior in Mice},
 volume = {11},
 year = {2001},
}

@article{Shin2003,
 author = {Shin, Ok-Ho and Rhee, Jeong-Seop and Tang, Jiong and Sugita, Shuzo and Rosenmund, Christian and S{\"{u}}dhof, Thomas C.},
 journal = {Neuron},
 month = {},
 number = {1},
 pages = {99--108},
 title = {Sr2+ Binding to the Ca2+ Binding Site of the Synaptotagmin 1 C2B Domain Triggers Fast Exocytosis without Stimulating SNARE Interactions},
 volume = {37},
 year = {2003},
}

@article{Slaby2007,
 author = {Slaby, O. and Sager, S. and Shaik, O. S. and Kummer, U. and Lebiedz, D.},
 journal = {Math. Comput. Model. Dyn. Syst.},
 month = {},
 number = {5},
 pages = {487--502},
 title = {Optimal control of self-organized dynamics in cellular signal transduction},
 volume = {13},
 year = {2007},
}

@article{Sladek2004,
 author = {Sladek, Martin and Sumova, Alena and Kovacikova, Z. and Bendova, Zdenka and Laurinova, Kristyna and Illnerova, Helena},
 journal = {Proc. Natl. Acad. Sci. U. S. A.},
 month = {},
 number = {16},
 pages = {6231--6236},
 title = {Insight into molecular core clock mechanism of embryonic and early postnatal rat suprachiasmatic nucleus},
 volume = {101},
 year = {2004},
}

@article{StHilaire2012,
 author = {{St Hilaire}, Melissa A. and Gooley, Joshua J. and Khalsa, Sat Bir S. and Kronauer, Richard E. and Czeisler, Charles A. and Lockley, Steven W.},
 journal = {J. Physiol.},
 number = {13},
 pages = {3035--3045},
 title = {Human phase response curve to a 1 h pulse of bright white light},
 volume = {590},
 year = {2012},
}

@article{StJohn2013,
 author = {{St John}, Peter C and {Doyle~III}, Francis J},
 journal = {BMC Syst. Biol.},
 number = {71},
 title = {Estimating confidence intervals in predicted responses for oscillatory biological models},
 volume = {7},
 year = {2013},
}

@article{StJohn2014a,
 author = {{St. John}, Peter C. and Hirota, Tsuyoshi and Kay, Steve A and {Doyle~III}, Francis J},
 journal = {Proc. Natl. Acad. Sci. U. S. A.},
 month = {},
 number = {5},
 pages = {2040--2045},
 title = {Spatiotemporal separation of PER and CRY posttranslational regulation in the mammalian circadian clock},
 volume = {111},
 year = {2014},
}

@article{StJohn2014b,
 author = {{St. John}, Peter C. and Taylor, Stephanie R. and Abel, John H and {Doyle~III}, Francis J.},
 journal = {Biophys. J.},
 month = {},
 number = {11},
 pages = {2712--2722},
 publisher = {Biophysical Society},
 title = {Amplitude Metrics for Cellular Circadian Bioluminescence Reporters},
 volume = {107},
 year = {2014},
}

@article{StJohn2015,
 author = {{St. John}, Peter C. and {Doyle~III}, Francis J.},
 journal = {PLOS Comput. Biol.},
 number = {11},
 pages = {e1004451},
 title = {Quantifying Stochastic Noise in Cultured Circadian Reporter Cells},
 volume = {11},
 year = {2015},
}

@article{Stokkan2001,
 author = {Stokkan, Kart-Arne},
 journal = {Science},
 month = {},
 number = {5503},
 pages = {490--493},
 title = {Entrainment of the Circadian Clock in the Liver by Feeding},
 volume = {291},
 year = {2001},
}

@article{Takahashi2016,
 author = {Takahashi, Joseph S.},
 journal = {Nat. Rev. Genet.},
 month = {},
 number = {3},
 pages = {164--179},
 publisher = {Nature Publishing Group},
 title = {Transcriptional architecture of the mammalian circadian clock},
 volume = {18},
 year = {2017},
}

@article{Taylor2008,
 author = {Taylor, S R and {Doyle III}, F J and Petzold, L R},
 journal = {Biophys. J.},
 month = {},
 number = {4},
 pages = {1658--1673},
 title = {Oscillator model reduction preserving the phase response: application to the circadian clock},
 volume = {95},
 year = {2008},
}

@article{Taylor2008a,
 author = {Taylor, Stephanie R. and Gunawan, Rudiyanto and Petzold, Linda R. and {Doyle III}, Francis J.},
 journal = {IEEE Trans. Automat. Contr.},
 month = {},
 pages = {177--188},
 title = {Sensitivity Measures for Oscillating Systems: Application to Mammalian Circadian Gene Network},
 volume = {53},
 year = {2008},
}

@article{Taylor2014a,
 author = {Taylor, Stephanie R and Cheever, Allyson and Harmon, Sarah M},
 journal = {J. Theor. Biol.},
 month = {},
 pages = {307--317},
 publisher = {Elsevier},
 title = {Velocity response curves demonstrate the complexity of modeling entrainable clocks},
 volume = {363},
 year = {2014},
}

@article{Teramae2004,
 author = {Teramae, Jun Nosuke and Tanaka, Dan},
 journal = {Phys. Rev. Lett.},
 number = {20},
 pages = {1--4},
 title = {Robustness of the noise-induced phase synchronization in a general class of limit cycle oscillators},
 volume = {93},
 year = {2004},
}

@article{Tidor2009,
 author = {Wilkins, AK and Tidor, B and White, J and Barton, PI},
 journal = {SIAM J. Sci. Comput.},
 number = {4},
 pages = {2706--2732},
 title = {Sensitivity analysis for oscillating dynamical systems},
 volume = {31},
 year = {2009},
}

@article{To2007,
 author = {To, Tsz-Leung and Henson, Michael A and Herzog, Erik D and {Doyle~III}, Francis J},
 journal = {Biophys. J.},
 month = {},
 number = {11},
 pages = {3792--3803},
 publisher = {Elsevier},
 title = {A molecular model for intercellular synchronization in the mammalian circadian clock},
 volume = {92},
 year = {2007},
}

@article{Travnickova2002,
 author = {Travnickova-Bendova, Z. and Cermakian, N. and Reppert, S. M. and Sassone-Corsi, P.},
 journal = {Proc. Natl. Acad. Sci. U. S. A.},
 number = {11},
 pages = {7728--7733},
 title = {Bimodal regulation of mPeriod promoters by CREB-dependent signaling and CLOCK/BMAL1 activity},
 volume = {99},
 year = {2002},
}

@article{Tsodyks1997,
 author = {Tsodyks, M V and Markram, H},
 journal = {Proc. Natl. Acad. Sci. U. S. A.},
 month = {},
 number = {2},
 pages = {719--723},
 title = {The neural code between neocortical pyramidal neurons depends on neurotransmitter release probability},
 volume = {94},
 year = {1997},
}

@article{Ueda2002,
 author = {Ueda, Hiroki R and Chen, Wenbin and Adachi, Akihito and Wakamatsu, Hisanori and Hayashi, Satoko and Takasugi, Tomohiro and Nagano, Mamoru and Nakahama, Ken-ichi and Suzuki, Yutaka and Sugano, Sumio and Iino, Masamitsu and Shigeyoshi, Yasufumi and Hashimoto, Seiichi},
 journal = {Nature},
 month = {},
 number = {6897},
 pages = {534--539},
 title = {A transcription factor response element for gene expression during circadian night},
 volume = {418},
 year = {2002},
}

@article{Ueda2005,
 author = {Ueda, Hiroki R and Hayashi, Satoko and Chen, Wenbin and Sano, Motoaki and Machida, Masayuki and Shigeyoshi, Yasufumi and Iino, Masamitsu and Hashimoto, Seiichi},
 journal = {Nat. Genet.},
 month = {},
 number = {2},
 pages = {187--192},
 title = {System-level identification of transcriptional circuits underlying mammalian circadian clocks},
 volume = {37},
 year = {2005},
}

@article{Ukai2007,
 author = {Ukai, Hideki and Kobayashi, Tetsuya J and Nagano, Mamoru and Masumoto, Koh-Hei and Sujino, Mitsugu and Kondo, Takao and Yagita, Kazuhiro and Shigeyoshi, Yasufumi and Ueda, Hiroki R},
 journal = {Nat. Cell Biol.},
 number = {11},
 pages = {1327--1334},
 title = {Melanopsin-dependent photo-perturbation reveals desynchronization underlying the singularity of mammalian circadian clocks singularity behaviour in circadian clocks},
 volume = {9},
 year = {2007},
}

@article{VanDunk2011,
 author = {VanDunk, C. and Hunter, L. A. and Gray, P. A.},
 journal = {J. Neurosci.},
 month = {},
 number = {17},
 pages = {6457--6467},
 title = {Development, Maturation, and Necessity of Transcription Factors in the Mouse Suprachiasmatic Nucleus},
 volume = {31},
 year = {2011},
}

@article{VanderPol1926,
 author = {van der Pol, Balth.},
 journal = {London, Edinburgh, Dublin Philos. Mag. J. Sci.},
 month = {},
 number = {11},
 pages = {978--992},
 title = {On “relaxation-oscillations”},
 volume = {2},
 year = {1926},
}

@article{Vanoosterhout2012,
 author = {van Oosterhout, Floor and Lucassen, Eliane A. and Houben, Thijs and VanderLeest, Henk Tjebbe and Antle, Michael C. and Meijer, Johanna H.},
 journal = {PLoS One},
 number = {6},
 title = {Amplitude of the SCN clock enhanced by the behavioral activity rhythm},
 volume = {7},
 year = {2012},
}

@article{Vasalou2009,
 author = {Vasalou, Christina and Herzog, ED and Henson, MA},
 journal = {J. Biol. Rhythms},
 number = {3},
 pages = {1--19},
 title = {Small-world network models of intercellular coupling predict enhanced synchronization in the suprachiasmatic nucleus},
 volume = {24},
 year = {2009},
}

@article{Verhage1991,
 author = {Verhage, Matthijs and McMahon, Harvey T. and Ghijsen, Wim E J M and Boomsma, Frans and Scholten, Greet and Wiegant, Victor M. and Nicholls, David G.},
 journal = {Neuron},
 number = {4},
 pages = {517--524},
 title = {Differential release of amino acids, neuropeptides, and catecholamines from isolated nerve terminals},
 volume = {6},
 year = {1991},
}

@article{Vetter2015,
 author = {Vetter, C{\'{e}}line and Fischer, Dorothee and Matera, Joana L. and Roenneberg, Till},
 journal = {Curr. Biol.},
 number = {7},
 pages = {907--911},
 title = {Aligning work and circadian time in shift workers improves sleep and reduces circadian disruption},
 volume = {25},
 year = {2015},
}

@article{Vitaterna1994,
 author = {Vitaterna, M H and King, D P and Chang, A M and Kornhauser, J M and Lowrey, P L and McDonald, J D and Dove, W F and Pinto, L H and Turek, F W and Takahashi, J S},
 journal = {Science},
 number = {5159},
 pages = {719--725},
 title = {Mutagenesis and mapping of a mouse gene, Clock, essential for circadian behavior},
 volume = {264},
 year = {1994},
}

@article{Vitaterna1999,
 author = {Vitaterna, Martha Hotz and Selby, Christopher P. and Todo, Takeshi and Niwa, Hitoshi and Thompson, Carol and Fruechte, Ethan M. and Hitomi, Kenichi and Thresher, Randy J. and Ishikawa, Tomoko and Miyazaki, Junichi and Takahashi, Joseph S. and Sancar, Aziz},
 journal = {Proc. Natl. Acad. Sci. U. S. A.},
 number = {21},
 pages = {12114--12119},
 title = {Differential regulation of mammalian Period genes and circadian rhythmicity by cryptochromes 1 and 2},
 volume = {96},
 year = {1999},
}

@article{Vitaterna2006,
 author = {Vitaterna, Martha Hotz and Ko, Caroline H and Chang, A.-M. and Buhr, Ethan D and Fruechte, Ethan M and Schook, Andrew and Antoch, Marina P and Turek, Fred W and Takahashi, Joseph S},
 journal = {Proc. Natl. Acad. Sci. U. S. A.},
 month = {},
 number = {24},
 pages = {9327--9332},
 title = {The mouse Clock mutation reduces circadian pacemaker amplitude and enhances efficacy of resetting stimuli and phase-response curve amplitude},
 volume = {103},
 year = {2006},
}

@article{Vosshall1994,
 author = {Vosshall, L. and Price, J. and Sehgal, Amita and Saez, Lino and Young, M.},
 journal = {Science},
 month = {},
 number = {5153},
 pages = {1606--1609},
 title = {Block in nuclear localization of period protein by a second clock mutation, timeless},
 volume = {263},
 year = {1994},
}

@article{Walch2016,
 author = {Walch, Olivia J. and Cochran, Amy and Forger, D. B.},
 journal = {Sci. Adv.},
 month = {},
 number = {5},
 pages = {e1501705},
 title = {A global quantification of "normal" sleep schedules using smartphone data},
 volume = {2},
 year = {2016},
}

@article{Wang2014,
 author = {Wang, Ming Hui and Chen, Na and Wang, Jin Hui},
 journal = {Brain Res.},
 pages = {9--17},
 publisher = {Elsevier},
 title = {The coupling features of electrical synapses modulate neuronal synchrony in hypothalamic superachiasmatic nucleus},
 volume = {1550},
 year = {2014},
}

@article{Watanabe2007,
 author = {Watanabe, Tsuyoshi and Naito, Emiko and Nakao, Nobuhiro and Tei, Hajime and Yoshimura, Takashi and Ebihara, Shizufumi},
 journal = {J. Biol. Rhythms},
 number = {1},
 pages = {58--68},
 title = {Bimodal Clock Gene Expression in Mouse},
 volume = {22},
 year = {2007},
}

@article{Watts1998,
 author = {Watts, D J and Strogatz, S H},
 journal = {Nature},
 month = {},
 number = {6684},
 pages = {440--442},
 title = {Collective dynamics of 'small-world' networks},
 volume = {393},
 year = {1998},
}

@article{Webb2009,
 author = {Webb, Alexis B and Angelo, Nikhil and Huettner, James E and Herzog, Erik D},
 journal = {Proc. Natl. Acad. Sci. U. S. A.},
 month = {},
 number = {38},
 pages = {16493--16498},
 title = {Intrinsic, nondeterministic circadian rhythm generation in identified mammalian neurons},
 volume = {106},
 year = {2009},
}

@article{Webb2012,
 author = {Webb, Alexis B and Taylor, Stephanie R and Thoroughman, Kurt A and {Doyle~III}, Francis J. and Herzog, Erik D},
 journal = {PLoS Comput. Biol.},
 month = {},
 number = {11},
 pages = {e1002787},
 title = {Weakly Circadian Cells Improve Resynchrony},
 volume = {8},
 year = {2012},
}

@article{Welsh2004,
 author = {Welsh, David K. and Yoo, Seung-Hee and Liu, Andrew C. and Takahashi, Joseph S. and Kay, Steve A.},
 journal = {Curr. Biol.},
 month = {},
 number = {24},
 pages = {2289--2295},
 title = {Bioluminescence Imaging of Individual Fibroblasts Reveals Persistent, Independently Phased Circadian Rhythms of Clock Gene Expression},
 volume = {14},
 year = {2004},
}

@article{Welsh2010,
 author = {Welsh, David K and Takahashi, Joseph S and Kay, Steve A},
 journal = {Annu. Rev. Physiol.},
 month = {},
 pages = {551--577},
 title = {Suprachiasmatic nucleus: cell autonomy and network properties},
 volume = {72},
 year = {2010},
}

@article{Westermark2009,
 author = {Westermark, P O and Welsh, David K and Okamura, Hitoshi and Herzel, Hanspeter},
 journal = {PLoS Comput. Biol.},
 month = {},
 number = {11},
 pages = {e1000580},
 title = {Quantification of circadian rhythms in single cells},
 volume = {5},
 year = {2009},
}

@book{Winfree2001,
 author = {Winfree, Arthur T},
 publisher = {Springer-Verlag},
 title = {The geometry of biological time},
 year = {2001},
}

@article{Wreschnig2014,
 author = {Wreschnig, D. and Dolatshad, H. and Davis, F. C.},
 journal = {J. Biol. Rhythms},
 number = {4},
 pages = {299--310},
 title = {Embryonic Development of Circadian Oscillations in the Mouse Hypothalamus},
 volume = {29},
 year = {2014},
}

@article{Wu2016,
 author = {Wu, Gang and Anafi, Ron C. and Hughes, Michael E. and Kornacker, Karl and Hogenesch, John B.},
 journal = {Bioinformatics},
 month = {},
 number = {21},
 pages = {3351--3353},
 title = {MetaCycle: an integrated R package to evaluate periodicity in large scale data},
 volume = {32},
 year = {2016},
}

@article{Wulff2010,
 author = {Wulff, Katharina and Gatti, Silvia and Wettstein, Joseph G and Foster, Russell G},
 journal = {Nat. Rev. Neurosci.},
 number = {8},
 pages = {589--599},
 title = {Sleep and circadian rhythm disruption in psychiatric and neurodegenerative disease},
 volume = {11},
 year = {2010},
}

@article{Yagita2010,
 author = {Yagita, K. and Horie, K. and Koinuma, S. and Nakamura, W. and Yamanaka, I. and Urasaki, A. and Shigeyoshi, Y. and Kawakami, K. and Shimada, S. and Takeda, J. and Uchiyama, Y.},
 journal = {Proc. Natl. Acad. Sci. U. S. A.},
 month = {},
 number = {8},
 pages = {3846--3851},
 title = {Development of the circadian oscillator during differentiation of mouse embryonic stem cells in vitro},
 volume = {107},
 year = {2010},
}

@article{Yamaguchi2003,
 author = {Yamaguchi, Shun and Isejima, Hiromi and Matsuo, Takuya and Okura, Ryusuke and Yagita, Kazuhiro and Kobayashi, Masaki and Okamura, Hitoshi},
 journal = {Science},
 month = {},
 number = {5649},
 pages = {1408--1412},
 title = {Synchronization of cellular clocks in the suprachiasmatic nucleus},
 volume = {302},
 year = {2003},
}

@article{Yan2002,
 author = {Yan, Lily and Okamura, Hitoshi},
 journal = {Eur. J. Neurosci.},
 month = {},
 number = {7},
 pages = {1153--1162},
 title = {Gradients in the circadian expression of Per1 and Per2 genes in the rat suprachiasmatic nucleus},
 volume = {15},
 year = {2002},
}

@article{Yan2005,
 author = {Yan, Lily and Foley, Nicholas C and Bobula, Jessica M and Kriegsfeld, Lance J and Silver, Rae},
 journal = {J. Neurosci.},
 number = {39},
 pages = {9017--9026},
 title = {Two antiphase oscillations occur in each suprachiasmatic nucleus of behaviorally split hamsters},
 volume = {25},
 year = {2005},
}

@article{Yan2017,
 author = {Yan, Gang and V{\'{e}}rtes, Petra E. and Towlson, Emma K. and Chew, Yee Lian and Walker, Denise S. and Schafer, William R. and Barab{\'{a}}si, Albert-L{\'{a}}szl{\'{o}}},
 journal = {Nature},
 month = {},
 number = {7677},
 pages = {519--523},
 publisher = {Nature Publishing Group},
 title = {Network control principles predict neuron function in the Caenorhabditis elegans connectome},
 volume = {550},
 year = {2017},
}

@article{Ye2011,
 author = {Ye, Rui and Selby, Christopher P. and Ozturk, Nuri and Annayev, Yunus and Sancar, Aziz},
 journal = {J. Biol. Chem.},
 month = {},
 number = {29},
 pages = {25891--25902},
 title = {Biochemical Analysis of the Canonical Model for the Mammalian Circadian Clock},
 volume = {286},
 year = {2011},
}

@article{Yehuda1996,
 author = {Yehuda, Rachel and Teicher, Martin H. and Trestman, Robert L. and Levengood, Robert A. and Siever, Larry J.},
 journal = {Biol. Psychiatry},
 month = {},
 number = {2},
 pages = {79--88},
 title = {Cortisol regulation in posttraumatic stress disorder and major depression: A chronobiological analysis},
 volume = {40},
 year = {1996},
}

@article{Yoo2004,
 author = {Yoo, Seung-Hee and Yamazaki, Shin and Lowrey, Phillip L and Shimomura, Kazuhiro and Ko, Caroline H and Buhr, Ethan D and Siepka, Sandra M and Hong, Hee-Kyung and Oh, Won Jun and Yoo, Ook Joon and Menaker, Michael and Takahashi, Joseph S},
 journal = {Proc. Natl. Acad. Sci. U. S. A.},
 number = {15},
 pages = {5339--5346},
 title = {PERIOD2::LUCIFERASE real-time reporting of circadian dynamics reveals persistent circadian oscillations in mouse peripheral tissues},
 volume = {101},
 year = {2004},
}

@article{Yu2017,
 author = {Yu, Jicheng and Zhang, Yuqi and Yan, Junjie and Kahkoska, Anna R. and Gu, Zhen},
 journal = {Int. J. Pharm.},
 month = {},
 pages = {(online)},
 publisher = {Elsevier},
 title = {Advances in bioresponsive closed-loop drug delivery systems},
 year = {2017},
}

@article{Zavitsanou2016,
 author = {Zavitsanou, Stamatina and Chakrabarty, Ankush and Dassau, Eyal and {Doyle~III}, Francis},
 journal = {Processes},
 month = {},
 number = {4},
 pages = {35},
 title = {Embedded Control in Wearable Medical Devices: Application to the Artificial Pancreas},
 volume = {4},
 year = {2016},
}

@article{Zhang2009,
 author = {Zhang, Eric E and Liu, Andrew C and Hirota, Tsuyoshi and Miraglia, Loren J and Welch, Genevieve and Pongsawakul, Pagkapol Y and Liu, Xianzhong and Atwood, Ann and Huss, Jon W and Janes, Jeff and Su, Andrew I and Hogenesch, John B and Kay, Steve A},
 journal = {Cell},
 month = {},
 number = {1},
 pages = {199--210},
 publisher = {Elsevier Ltd},
 title = {A genome-wide RNAi screen for modifiers of the circadian clock in human cells},
 volume = {139},
 year = {2009},
}

@article{Zhang2014a,
 author = {Zhang, Ray and Lahens, Nicholas F. and Ballance, Heather I. and Hughes, Michael E. and Hogenesch, John B.},
 journal = {Proc. Natl. Acad. Sci. U. S. A.},
 number = {45},
 pages = {16219--16224},
 title = {A circadian gene expression atlas in mammals: Implications for biology and medicine},
 volume = {111},
 year = {2014},
}

@article{Zhang2016,
 author = {Zhang, Jiaxiang and Qiao, Wei and Wen, John T. and Julius, Agung},
 journal = {Automatica},
 month = {},
 pages = {44--55},
 publisher = {Elsevier Ltd},
 title = {Light-based circadian rhythm control: Entrainment and optimization},
 volume = {68},
 year = {2016},
}

@article{Zitin2014,
 author = {Zitin, Ari and Gorowara, Alexander and Squires, Shane and Herrera, Mark and Antonsen, Thomas M and Girvan, Michelle and Ott, Edward},
 journal = {Sci. Rep.},
 month = {},
 pages = {7047},
 title = {Spatially embedded growing small-world networks},
 volume = {4},
 year = {2014},
}

@article{de1729observation,
 author = {de Mairan, Jean},
 journal = {Hist. Acad. Roy. Sci},
 pages = {36},
 title = {Observation botanique},
 volume = {35},
 year = {1729},
}

@book{fain1999,
 author = {Fain, Gordon L},
 publisher = {Harvard University Press},
 title = {Molecular and cellular physiology of neurons},
 year = {1999},
}

@article{jones2014scipy,
 author = {Jones, Eric and Oliphant, Travis and Peterson, Pearu},
 title = {SciPy: open source scientific tools for Python},
 year = {2014},
}

@article{kiesel1894untersuchungen,
 author = {Kiesel, Arthur},
 journal = {Akad. Wiss. Wien},
 title = {Untersuchungen zur physiologie des facettierten auges},
 year = {1894},
}

@book{kuramoto1984,
 author = {Kuramoto, Yoshiki},
 publisher = {Springer-Verlag},
 title = {Chemical oscillations, waves, and turbulence},
 year = {2004},
}

@article{reppert1983maternal,
 author = {Reppert, Steven M and Schwartz, William J},
 journal = {Science},
 number = {4600},
 pages = {969--971},
 publisher = {American Association for the Advancement of Science},
 title = {Maternal coordination of the fetal biological clock in utero},
 volume = {220},
 year = {1983},
}

@article{reppert1984suprachiasmatic,
 author = {Reppert, SM and Schwartz, WJ},
 journal = {J. Neurosci.},
 number = {7},
 pages = {1677--1682},
 publisher = {Soc Neuroscience},
 title = {The suprachiasmatic nuclei of the fetal rat: characterization of a functional circadian clock using 14C-labeled deoxyglucose},
 volume = {4},
 year = {1984},
}

@article{richter1922behavioristic,
 author = {Richter, Curt Paul},
 journal = {Comp. Psychol. Monogr.},
 title = {A behavioristic study of the activity of the rat},
 year = {1922},
}

