/home/abel/Documents/References/bibtex-references/library.bib